%YAML 1.1
%TAG !u! tag:unity3d.com,2011:
--- !u!29 &1
OcclusionCullingSettings:
  m_ObjectHideFlags: 0
  serializedVersion: 2
  m_OcclusionBakeSettings:
    smallestOccluder: 5
    smallestHole: 0.25
    backfaceThreshold: 100
  m_SceneGUID: 00000000000000000000000000000000
  m_OcclusionCullingData: {fileID: 0}
--- !u!104 &2
RenderSettings:
  m_ObjectHideFlags: 0
  serializedVersion: 8
  m_Fog: 0
  m_FogColor: {r: 0.5, g: 0.5, b: 0.5, a: 1}
  m_FogMode: 3
  m_FogDensity: 0.01
  m_LinearFogStart: 0
  m_LinearFogEnd: 300
  m_AmbientSkyColor: {r: 0.212, g: 0.227, b: 0.259, a: 1}
  m_AmbientEquatorColor: {r: 0.114, g: 0.125, b: 0.133, a: 1}
  m_AmbientGroundColor: {r: 0.047, g: 0.043, b: 0.035, a: 1}
  m_AmbientIntensity: 1
  m_AmbientMode: 3
  m_SubtractiveShadowColor: {r: 0.42, g: 0.478, b: 0.627, a: 1}
  m_SkyboxMaterial: {fileID: 0}
  m_HaloStrength: 0.5
  m_FlareStrength: 1
  m_FlareFadeSpeed: 3
  m_HaloTexture: {fileID: 0}
  m_SpotCookie: {fileID: 10001, guid: 0000000000000000e000000000000000, type: 0}
  m_DefaultReflectionMode: 0
  m_DefaultReflectionResolution: 128
  m_ReflectionBounces: 1
  m_ReflectionIntensity: 1
  m_CustomReflection: {fileID: 0}
  m_Sun: {fileID: 0}
  m_IndirectSpecularColor: {r: 0, g: 0, b: 0, a: 1}
--- !u!157 &3
LightmapSettings:
  m_ObjectHideFlags: 0
  serializedVersion: 11
  m_GIWorkflowMode: 1
  m_GISettings:
    serializedVersion: 2
    m_BounceScale: 1
    m_IndirectOutputScale: 1
    m_AlbedoBoost: 1
    m_TemporalCoherenceThreshold: 1
    m_EnvironmentLightingMode: 0
    m_EnableBakedLightmaps: 0
    m_EnableRealtimeLightmaps: 0
  m_LightmapEditorSettings:
    serializedVersion: 9
    m_Resolution: 2
    m_BakeResolution: 40
    m_TextureWidth: 1024
    m_TextureHeight: 1024
    m_AO: 0
    m_AOMaxDistance: 1
    m_CompAOExponent: 1
    m_CompAOExponentDirect: 0
    m_Padding: 2
    m_LightmapParameters: {fileID: 0}
    m_LightmapsBakeMode: 1
    m_TextureCompression: 1
    m_FinalGather: 0
    m_FinalGatherFiltering: 1
    m_FinalGatherRayCount: 256
    m_ReflectionCompression: 2
    m_MixedBakeMode: 2
    m_BakeBackend: 0
    m_PVRSampling: 1
    m_PVRDirectSampleCount: 32
    m_PVRSampleCount: 500
    m_PVRBounces: 2
    m_PVRFilterTypeDirect: 0
    m_PVRFilterTypeIndirect: 0
    m_PVRFilterTypeAO: 0
    m_PVRFilteringMode: 1
    m_PVRCulling: 1
    m_PVRFilteringGaussRadiusDirect: 1
    m_PVRFilteringGaussRadiusIndirect: 5
    m_PVRFilteringGaussRadiusAO: 2
    m_PVRFilteringAtrousPositionSigmaDirect: 0.5
    m_PVRFilteringAtrousPositionSigmaIndirect: 2
    m_PVRFilteringAtrousPositionSigmaAO: 1
  m_LightingDataAsset: {fileID: 0}
  m_UseShadowmask: 1
--- !u!196 &4
NavMeshSettings:
  serializedVersion: 2
  m_ObjectHideFlags: 0
  m_BuildSettings:
    serializedVersion: 2
    agentTypeID: 0
    agentRadius: 0.5
    agentHeight: 2
    agentSlope: 45
    agentClimb: 0.4
    ledgeDropHeight: 0
    maxJumpAcrossDistance: 0
    minRegionArea: 2
    manualCellSize: 0
    cellSize: 0.16666667
    manualTileSize: 0
    tileSize: 256
    accuratePlacement: 0
  m_NavMeshData: {fileID: 0}
--- !u!1 &44103212
GameObject:
  m_ObjectHideFlags: 0
  m_PrefabParentObject: {fileID: 0}
  m_PrefabInternal: {fileID: 0}
  serializedVersion: 5
  m_Component:
  - component: {fileID: 44103213}
  m_Layer: 0
  m_Name: ShapeDestructionPoint (1)
  m_TagString: Untagged
  m_Icon: {fileID: 0}
  m_NavMeshLayer: 0
  m_StaticEditorFlags: 0
  m_IsActive: 1
--- !u!4 &44103213
Transform:
  m_ObjectHideFlags: 0
  m_PrefabParentObject: {fileID: 0}
  m_PrefabInternal: {fileID: 0}
  m_GameObject: {fileID: 44103212}
  m_LocalRotation: {x: -0, y: -0, z: -0, w: 1}
  m_LocalPosition: {x: -15.1, y: 0, z: 0}
  m_LocalScale: {x: 1, y: 1, z: 1}
  m_Children: []
  m_Father: {fileID: 784670864}
  m_RootOrder: 11
  m_LocalEulerAnglesHint: {x: 0, y: 0, z: 0}
--- !u!1 &168312371
GameObject:
  m_ObjectHideFlags: 0
  m_PrefabParentObject: {fileID: 0}
  m_PrefabInternal: {fileID: 0}
  serializedVersion: 5
  m_Component:
  - component: {fileID: 168312372}
  - component: {fileID: 168312374}
  - component: {fileID: 168312373}
  m_Layer: 5
  m_Name: TitleText
  m_TagString: Untagged
  m_Icon: {fileID: 0}
  m_NavMeshLayer: 0
  m_StaticEditorFlags: 0
  m_IsActive: 1
--- !u!224 &168312372
RectTransform:
  m_ObjectHideFlags: 0
  m_PrefabParentObject: {fileID: 0}
  m_PrefabInternal: {fileID: 0}
  m_GameObject: {fileID: 168312371}
  m_LocalRotation: {x: -0, y: -0, z: -0, w: 1}
  m_LocalPosition: {x: 0, y: 0, z: 0}
  m_LocalScale: {x: 1, y: 1, z: 1}
  m_Children: []
  m_Father: {fileID: 455272428}
  m_RootOrder: 0
  m_LocalEulerAnglesHint: {x: 0, y: 0, z: 0}
  m_AnchorMin: {x: 0.5, y: 0.5}
  m_AnchorMax: {x: 0.5, y: 0.5}
  m_AnchoredPosition: {x: 0, y: 0}
  m_SizeDelta: {x: 160, y: 30}
  m_Pivot: {x: 0.5, y: 0.5}
--- !u!114 &168312373
MonoBehaviour:
  m_ObjectHideFlags: 0
  m_PrefabParentObject: {fileID: 0}
  m_PrefabInternal: {fileID: 0}
  m_GameObject: {fileID: 168312371}
  m_Enabled: 1
  m_EditorHideFlags: 0
  m_Script: {fileID: 708705254, guid: f70555f144d8491a825f0804e09c671c, type: 3}
  m_Name: 
  m_EditorClassIdentifier: 
  m_Material: {fileID: 0}
  m_Color: {r: 1, g: 1, b: 1, a: 1}
  m_RaycastTarget: 1
  m_OnCullStateChanged:
    m_PersistentCalls:
      m_Calls: []
    m_TypeName: UnityEngine.UI.MaskableGraphic+CullStateChangedEvent, UnityEngine.UI,
      Version=1.0.0.0, Culture=neutral, PublicKeyToken=null
  m_FontData:
    m_Font: {fileID: 10102, guid: 0000000000000000e000000000000000, type: 0}
    m_FontSize: 32
    m_FontStyle: 0
    m_BestFit: 0
    m_MinSize: 3
    m_MaxSize: 40
    m_Alignment: 4
    m_AlignByGeometry: 0
    m_RichText: 1
    m_HorizontalOverflow: 1
    m_VerticalOverflow: 1
    m_LineSpacing: 1
  m_Text: 'IN & OUT

    (Shapes)'
--- !u!222 &168312374
CanvasRenderer:
  m_ObjectHideFlags: 0
  m_PrefabParentObject: {fileID: 0}
  m_PrefabInternal: {fileID: 0}
  m_GameObject: {fileID: 168312371}
--- !u!1 &173008775
GameObject:
  m_ObjectHideFlags: 0
  m_PrefabParentObject: {fileID: 0}
  m_PrefabInternal: {fileID: 0}
  serializedVersion: 5
  m_Component:
  - component: {fileID: 173008776}
  m_Layer: 0
  m_Name: PlatformGenerationPoint
  m_TagString: Untagged
  m_Icon: {fileID: 0}
  m_NavMeshLayer: 0
  m_StaticEditorFlags: 0
  m_IsActive: 1
--- !u!4 &173008776
Transform:
  m_ObjectHideFlags: 0
  m_PrefabParentObject: {fileID: 0}
  m_PrefabInternal: {fileID: 0}
  m_GameObject: {fileID: 173008775}
  m_LocalRotation: {x: 0, y: 0, z: 0, w: 1}
  m_LocalPosition: {x: 14.2, y: 0, z: 0}
  m_LocalScale: {x: 1, y: 1, z: 1}
  m_Children: []
  m_Father: {fileID: 784670864}
  m_RootOrder: 0
  m_LocalEulerAnglesHint: {x: 0, y: 0, z: 0}
--- !u!1 &257069446 stripped
GameObject:
  m_PrefabParentObject: {fileID: 1063039523221374, guid: 9c118af98a7e34b388034c87ec540691,
    type: 2}
  m_PrefabInternal: {fileID: 1447623843}
--- !u!4 &257069450 stripped
Transform:
  m_PrefabParentObject: {fileID: 4907659384050284, guid: 9c118af98a7e34b388034c87ec540691,
    type: 2}
  m_PrefabInternal: {fileID: 1447623843}
--- !u!1001 &274330529
Prefab:
  m_ObjectHideFlags: 0
  serializedVersion: 2
  m_Modification:
    m_TransformParent: {fileID: 0}
    m_Modifications:
    - target: {fileID: 4947696717286128, guid: 01d8f837e2a8b4c94ac480ee91dd1db3, type: 2}
      propertyPath: m_LocalPosition.x
      value: -3.28
      objectReference: {fileID: 0}
    - target: {fileID: 4947696717286128, guid: 01d8f837e2a8b4c94ac480ee91dd1db3, type: 2}
      propertyPath: m_LocalPosition.y
      value: -3.9
      objectReference: {fileID: 0}
    - target: {fileID: 4947696717286128, guid: 01d8f837e2a8b4c94ac480ee91dd1db3, type: 2}
      propertyPath: m_LocalPosition.z
      value: 0
      objectReference: {fileID: 0}
    - target: {fileID: 4947696717286128, guid: 01d8f837e2a8b4c94ac480ee91dd1db3, type: 2}
      propertyPath: m_LocalRotation.x
      value: 0
      objectReference: {fileID: 0}
    - target: {fileID: 4947696717286128, guid: 01d8f837e2a8b4c94ac480ee91dd1db3, type: 2}
      propertyPath: m_LocalRotation.y
      value: 0
      objectReference: {fileID: 0}
    - target: {fileID: 4947696717286128, guid: 01d8f837e2a8b4c94ac480ee91dd1db3, type: 2}
      propertyPath: m_LocalRotation.z
      value: 0
      objectReference: {fileID: 0}
    - target: {fileID: 4947696717286128, guid: 01d8f837e2a8b4c94ac480ee91dd1db3, type: 2}
      propertyPath: m_LocalRotation.w
      value: 1
      objectReference: {fileID: 0}
    - target: {fileID: 4947696717286128, guid: 01d8f837e2a8b4c94ac480ee91dd1db3, type: 2}
      propertyPath: m_RootOrder
      value: 1
      objectReference: {fileID: 0}
    - target: {fileID: 50651908263151924, guid: 01d8f837e2a8b4c94ac480ee91dd1db3,
        type: 2}
      propertyPath: m_BodyType
      value: 0
      objectReference: {fileID: 0}
    - target: {fileID: 1696354460872196, guid: 01d8f837e2a8b4c94ac480ee91dd1db3, type: 2}
      propertyPath: m_Layer
      value: 8
      objectReference: {fileID: 0}
    - target: {fileID: 212409701850633880, guid: 01d8f837e2a8b4c94ac480ee91dd1db3,
        type: 2}
      propertyPath: m_SortingLayerID
      value: -1791641811
      objectReference: {fileID: 0}
    - target: {fileID: 212409701850633880, guid: 01d8f837e2a8b4c94ac480ee91dd1db3,
        type: 2}
      propertyPath: m_SortingLayer
      value: 2
      objectReference: {fileID: 0}
    - target: {fileID: 58046500197349736, guid: 01d8f837e2a8b4c94ac480ee91dd1db3,
        type: 2}
      propertyPath: m_Radius
      value: 0.3634597
      objectReference: {fileID: 0}
    - target: {fileID: 58046500197349736, guid: 01d8f837e2a8b4c94ac480ee91dd1db3,
        type: 2}
      propertyPath: m_Offset.x
      value: 0
      objectReference: {fileID: 0}
    - target: {fileID: 58046500197349736, guid: 01d8f837e2a8b4c94ac480ee91dd1db3,
        type: 2}
      propertyPath: m_Offset.y
      value: 0
      objectReference: {fileID: 0}
    - target: {fileID: 114735786607569672, guid: 01d8f837e2a8b4c94ac480ee91dd1db3,
        type: 2}
      propertyPath: speed
      value: 10
      objectReference: {fileID: 0}
    - target: {fileID: 1696354460872196, guid: 01d8f837e2a8b4c94ac480ee91dd1db3, type: 2}
      propertyPath: m_TagString
      value: Player
      objectReference: {fileID: 0}
    - target: {fileID: 58046500197349736, guid: 01d8f837e2a8b4c94ac480ee91dd1db3,
        type: 2}
      propertyPath: m_IsTrigger
      value: 0
      objectReference: {fileID: 0}
    - target: {fileID: 114735786607569672, guid: 01d8f837e2a8b4c94ac480ee91dd1db3,
        type: 2}
      propertyPath: timer
      value: 
      objectReference: {fileID: 1238253605}
    m_RemovedComponents: []
  m_ParentPrefab: {fileID: 100100000, guid: 01d8f837e2a8b4c94ac480ee91dd1db3, type: 2}
  m_IsPrefabParent: 0
--- !u!1001 &290814954
Prefab:
  m_ObjectHideFlags: 0
  serializedVersion: 2
  m_Modification:
    m_TransformParent: {fileID: 784670864}
    m_Modifications:
    - target: {fileID: 4089920145691652, guid: fa27cd46575cb4b5d9d8df1a1a9f0c7e, type: 2}
      propertyPath: m_LocalPosition.x
      value: -1.8
      objectReference: {fileID: 0}
    - target: {fileID: 4089920145691652, guid: fa27cd46575cb4b5d9d8df1a1a9f0c7e, type: 2}
      propertyPath: m_LocalPosition.y
      value: 8.17
      objectReference: {fileID: 0}
    - target: {fileID: 4089920145691652, guid: fa27cd46575cb4b5d9d8df1a1a9f0c7e, type: 2}
      propertyPath: m_LocalPosition.z
      value: 10
      objectReference: {fileID: 0}
    - target: {fileID: 4089920145691652, guid: fa27cd46575cb4b5d9d8df1a1a9f0c7e, type: 2}
      propertyPath: m_LocalRotation.x
      value: -0
      objectReference: {fileID: 0}
    - target: {fileID: 4089920145691652, guid: fa27cd46575cb4b5d9d8df1a1a9f0c7e, type: 2}
      propertyPath: m_LocalRotation.y
      value: -0
      objectReference: {fileID: 0}
    - target: {fileID: 4089920145691652, guid: fa27cd46575cb4b5d9d8df1a1a9f0c7e, type: 2}
      propertyPath: m_LocalRotation.z
      value: -0
      objectReference: {fileID: 0}
    - target: {fileID: 4089920145691652, guid: fa27cd46575cb4b5d9d8df1a1a9f0c7e, type: 2}
      propertyPath: m_LocalRotation.w
      value: 1
      objectReference: {fileID: 0}
    - target: {fileID: 4089920145691652, guid: fa27cd46575cb4b5d9d8df1a1a9f0c7e, type: 2}
      propertyPath: m_RootOrder
      value: 6
      objectReference: {fileID: 0}
    - target: {fileID: 212229115755720956, guid: fa27cd46575cb4b5d9d8df1a1a9f0c7e,
        type: 2}
      propertyPath: m_SortingLayerID
      value: -1791641811
      objectReference: {fileID: 0}
    - target: {fileID: 212229115755720956, guid: fa27cd46575cb4b5d9d8df1a1a9f0c7e,
        type: 2}
      propertyPath: m_SortingLayer
      value: 2
      objectReference: {fileID: 0}
    - target: {fileID: 1832544414571460, guid: fa27cd46575cb4b5d9d8df1a1a9f0c7e, type: 2}
      propertyPath: m_Layer
      value: 8
      objectReference: {fileID: 0}
    - target: {fileID: 4089920145691652, guid: fa27cd46575cb4b5d9d8df1a1a9f0c7e, type: 2}
      propertyPath: m_LocalScale.x
      value: 0.4
      objectReference: {fileID: 0}
    - target: {fileID: 4089920145691652, guid: fa27cd46575cb4b5d9d8df1a1a9f0c7e, type: 2}
      propertyPath: m_LocalScale.y
      value: 0.4
      objectReference: {fileID: 0}
    - target: {fileID: 4089920145691652, guid: fa27cd46575cb4b5d9d8df1a1a9f0c7e, type: 2}
      propertyPath: m_LocalScale.z
      value: 0.4
      objectReference: {fileID: 0}
    - target: {fileID: 60809192927507732, guid: fa27cd46575cb4b5d9d8df1a1a9f0c7e,
        type: 2}
      propertyPath: m_AutoTiling
      value: 0
      objectReference: {fileID: 0}
    - target: {fileID: 61474274284065106, guid: fa27cd46575cb4b5d9d8df1a1a9f0c7e,
        type: 2}
      propertyPath: m_Offset.y
      value: 2.0226655
      objectReference: {fileID: 0}
    - target: {fileID: 61474274284065106, guid: fa27cd46575cb4b5d9d8df1a1a9f0c7e,
        type: 2}
      propertyPath: m_Size.y
      value: 0.85301876
      objectReference: {fileID: 0}
    - target: {fileID: 61474274284065106, guid: fa27cd46575cb4b5d9d8df1a1a9f0c7e,
        type: 2}
      propertyPath: m_Offset.x
      value: 2.7939787
      objectReference: {fileID: 0}
    - target: {fileID: 61474274284065106, guid: fa27cd46575cb4b5d9d8df1a1a9f0c7e,
        type: 2}
      propertyPath: m_Size.x
      value: 0.6263993
      objectReference: {fileID: 0}
    - target: {fileID: 212229115755720956, guid: fa27cd46575cb4b5d9d8df1a1a9f0c7e,
        type: 2}
      propertyPath: m_Sprite
      value: 
      objectReference: {fileID: 21300000, guid: 8e0a2ff7a29c34033be293210e3e61bb,
        type: 3}
    - target: {fileID: 212229115755720956, guid: fa27cd46575cb4b5d9d8df1a1a9f0c7e,
        type: 2}
      propertyPath: m_WasSpriteAssigned
      value: 1
      objectReference: {fileID: 0}
    m_RemovedComponents:
    - {fileID: 0}
  m_ParentPrefab: {fileID: 100100000, guid: fa27cd46575cb4b5d9d8df1a1a9f0c7e, type: 2}
  m_IsPrefabParent: 0
--- !u!1 &308396434 stripped
GameObject:
  m_PrefabParentObject: {fileID: 1854705566844538, guid: 6dcf0acf53cfc4f62b7a7ee86adffe14,
    type: 2}
  m_PrefabInternal: {fileID: 1069473262}
--- !u!114 &308396436
MonoBehaviour:
  m_ObjectHideFlags: 0
  m_PrefabParentObject: {fileID: 0}
  m_PrefabInternal: {fileID: 0}
  m_GameObject: {fileID: 308396434}
  m_Enabled: 1
  m_EditorHideFlags: 0
  m_Script: {fileID: 11500000, guid: 5dd448814f51e430a86977fd7db75554, type: 3}
  m_Name: 
  m_EditorClassIdentifier: 
  platformDestructionPoint: {fileID: 0}
--- !u!1 &323298682 stripped
GameObject:
  m_PrefabParentObject: {fileID: 1696354460872196, guid: 01d8f837e2a8b4c94ac480ee91dd1db3,
    type: 2}
  m_PrefabInternal: {fileID: 274330529}
--- !u!1 &455272427
GameObject:
  m_ObjectHideFlags: 0
  m_PrefabParentObject: {fileID: 0}
  m_PrefabInternal: {fileID: 0}
  serializedVersion: 5
  m_Component:
  - component: {fileID: 455272428}
  - component: {fileID: 455272430}
  - component: {fileID: 455272429}
  m_Layer: 5
  m_Name: LevelImage
  m_TagString: Untagged
  m_Icon: {fileID: 0}
  m_NavMeshLayer: 0
  m_StaticEditorFlags: 0
  m_IsActive: 0
--- !u!224 &455272428
RectTransform:
  m_ObjectHideFlags: 0
  m_PrefabParentObject: {fileID: 0}
  m_PrefabInternal: {fileID: 0}
  m_GameObject: {fileID: 455272427}
  m_LocalRotation: {x: 0, y: 0, z: 0, w: 1}
  m_LocalPosition: {x: 0, y: 0, z: 0}
  m_LocalScale: {x: 1, y: 1, z: 1}
  m_Children:
  - {fileID: 168312372}
  m_Father: {fileID: 727706499}
  m_RootOrder: 0
  m_LocalEulerAnglesHint: {x: 0, y: 0, z: 0}
  m_AnchorMin: {x: 0, y: 0}
  m_AnchorMax: {x: 1, y: 1}
  m_AnchoredPosition: {x: 0, y: 0}
  m_SizeDelta: {x: 0, y: 0}
  m_Pivot: {x: 0.5, y: 0.5}
--- !u!114 &455272429
MonoBehaviour:
  m_ObjectHideFlags: 0
  m_PrefabParentObject: {fileID: 0}
  m_PrefabInternal: {fileID: 0}
  m_GameObject: {fileID: 455272427}
  m_Enabled: 1
  m_EditorHideFlags: 0
  m_Script: {fileID: -765806418, guid: f70555f144d8491a825f0804e09c671c, type: 3}
  m_Name: 
  m_EditorClassIdentifier: 
  m_Material: {fileID: 0}
  m_Color: {r: 0, g: 0, b: 0, a: 1}
  m_RaycastTarget: 1
  m_OnCullStateChanged:
    m_PersistentCalls:
      m_Calls: []
    m_TypeName: UnityEngine.UI.MaskableGraphic+CullStateChangedEvent, UnityEngine.UI,
      Version=1.0.0.0, Culture=neutral, PublicKeyToken=null
  m_Sprite: {fileID: 0}
  m_Type: 0
  m_PreserveAspect: 0
  m_FillCenter: 1
  m_FillMethod: 4
  m_FillAmount: 1
  m_FillClockwise: 1
  m_FillOrigin: 0
--- !u!222 &455272430
CanvasRenderer:
  m_ObjectHideFlags: 0
  m_PrefabParentObject: {fileID: 0}
  m_PrefabInternal: {fileID: 0}
  m_GameObject: {fileID: 455272427}
--- !u!1 &519879479
GameObject:
  m_ObjectHideFlags: 0
  m_PrefabParentObject: {fileID: 0}
  m_PrefabInternal: {fileID: 0}
  serializedVersion: 5
  m_Component:
  - component: {fileID: 519879481}
  - component: {fileID: 519879480}
  m_Layer: 0
  m_Name: GroundGenerator
  m_TagString: Untagged
  m_Icon: {fileID: 0}
  m_NavMeshLayer: 0
  m_StaticEditorFlags: 0
  m_IsActive: 1
--- !u!114 &519879480
MonoBehaviour:
  m_ObjectHideFlags: 0
  m_PrefabParentObject: {fileID: 0}
  m_PrefabInternal: {fileID: 0}
  m_GameObject: {fileID: 519879479}
  m_Enabled: 1
  m_EditorHideFlags: 0
  m_Script: {fileID: 11500000, guid: ee86d56905154490e86a8f2f0e56cb3b, type: 3}
  m_Name: 
  m_EditorClassIdentifier: 
  obj: {fileID: 1605382271}
  generationpoint: {fileID: 173008776}
  distanceBetween: 3
--- !u!4 &519879481
Transform:
  m_ObjectHideFlags: 0
  m_PrefabParentObject: {fileID: 0}
  m_PrefabInternal: {fileID: 0}
  m_GameObject: {fileID: 519879479}
  m_LocalRotation: {x: 0.10452846, y: 0, z: 0, w: 0.9945219}
  m_LocalPosition: {x: 8.45, y: -4.63, z: -0.07}
  m_LocalScale: {x: 1, y: 1, z: 1}
  m_Children: []
  m_Father: {fileID: 0}
  m_RootOrder: 5
  m_LocalEulerAnglesHint: {x: 12, y: 0, z: 0}
--- !u!1001 &641535345
Prefab:
  m_ObjectHideFlags: 0
  serializedVersion: 2
  m_Modification:
    m_TransformParent: {fileID: 784670864}
    m_Modifications:
    - target: {fileID: 4207804983100374, guid: 6dcf0acf53cfc4f62b7a7ee86adffe14, type: 2}
      propertyPath: m_LocalPosition.x
      value: 2.1022754
      objectReference: {fileID: 0}
    - target: {fileID: 4207804983100374, guid: 6dcf0acf53cfc4f62b7a7ee86adffe14, type: 2}
      propertyPath: m_LocalPosition.y
      value: 7.2
      objectReference: {fileID: 0}
    - target: {fileID: 4207804983100374, guid: 6dcf0acf53cfc4f62b7a7ee86adffe14, type: 2}
      propertyPath: m_LocalPosition.z
      value: 10
      objectReference: {fileID: 0}
    - target: {fileID: 4207804983100374, guid: 6dcf0acf53cfc4f62b7a7ee86adffe14, type: 2}
      propertyPath: m_LocalRotation.x
      value: -0
      objectReference: {fileID: 0}
    - target: {fileID: 4207804983100374, guid: 6dcf0acf53cfc4f62b7a7ee86adffe14, type: 2}
      propertyPath: m_LocalRotation.y
      value: -0
      objectReference: {fileID: 0}
    - target: {fileID: 4207804983100374, guid: 6dcf0acf53cfc4f62b7a7ee86adffe14, type: 2}
      propertyPath: m_LocalRotation.z
      value: -0
      objectReference: {fileID: 0}
    - target: {fileID: 4207804983100374, guid: 6dcf0acf53cfc4f62b7a7ee86adffe14, type: 2}
      propertyPath: m_LocalRotation.w
      value: 1
      objectReference: {fileID: 0}
    - target: {fileID: 4207804983100374, guid: 6dcf0acf53cfc4f62b7a7ee86adffe14, type: 2}
      propertyPath: m_RootOrder
      value: 5
      objectReference: {fileID: 0}
    - target: {fileID: 61716443896613818, guid: 6dcf0acf53cfc4f62b7a7ee86adffe14,
        type: 2}
      propertyPath: m_Size.x
      value: 1
      objectReference: {fileID: 0}
    - target: {fileID: 212828386675950974, guid: 6dcf0acf53cfc4f62b7a7ee86adffe14,
        type: 2}
      propertyPath: m_Color.r
      value: 0.5411765
      objectReference: {fileID: 0}
    - target: {fileID: 212828386675950974, guid: 6dcf0acf53cfc4f62b7a7ee86adffe14,
        type: 2}
      propertyPath: m_Color.g
      value: 0.13333334
      objectReference: {fileID: 0}
    - target: {fileID: 212828386675950974, guid: 6dcf0acf53cfc4f62b7a7ee86adffe14,
        type: 2}
      propertyPath: m_Color.b
      value: 0.56078434
      objectReference: {fileID: 0}
    m_RemovedComponents:
    - {fileID: 114358689297462728, guid: 6dcf0acf53cfc4f62b7a7ee86adffe14, type: 2}
  m_ParentPrefab: {fileID: 100100000, guid: 6dcf0acf53cfc4f62b7a7ee86adffe14, type: 2}
  m_IsPrefabParent: 0
--- !u!1 &649980837
GameObject:
  m_ObjectHideFlags: 0
  m_PrefabParentObject: {fileID: 0}
  m_PrefabInternal: {fileID: 0}
  serializedVersion: 5
  m_Component:
  - component: {fileID: 649980838}
  m_Layer: 0
  m_Name: GroundDestructionPoint
  m_TagString: Untagged
  m_Icon: {fileID: 0}
  m_NavMeshLayer: 0
  m_StaticEditorFlags: 0
  m_IsActive: 1
--- !u!4 &649980838
Transform:
  m_ObjectHideFlags: 0
  m_PrefabParentObject: {fileID: 0}
  m_PrefabInternal: {fileID: 0}
  m_GameObject: {fileID: 649980837}
  m_LocalRotation: {x: 0, y: 0, z: 0, w: 1}
  m_LocalPosition: {x: -14.9, y: -0, z: 0}
  m_LocalScale: {x: 1, y: 1, z: 1}
  m_Children: []
  m_Father: {fileID: 784670864}
  m_RootOrder: 9
  m_LocalEulerAnglesHint: {x: 0, y: 0, z: 0}
--- !u!1 &659332051 stripped
GameObject:
  m_PrefabParentObject: {fileID: 1830140805990390, guid: cd22053dd9a9a4d9bb970fdd671dabf2,
    type: 2}
  m_PrefabInternal: {fileID: 1135375118}
--- !u!61 &659332052
BoxCollider2D:
  m_ObjectHideFlags: 0
  m_PrefabParentObject: {fileID: 0}
  m_PrefabInternal: {fileID: 0}
  m_GameObject: {fileID: 659332051}
  m_Enabled: 1
  m_Density: 1
  m_Material: {fileID: 0}
  m_IsTrigger: 0
  m_UsedByEffector: 0
  m_UsedByComposite: 0
  m_Offset: {x: -0.6392807, y: 0.30660248}
  m_SpriteTilingProperty:
    border: {x: 0, y: 0, z: 0, w: 0}
    pivot: {x: 0.5, y: 0.5}
    oldSize: {x: 2.4, y: 2.4}
    newSize: {x: 2.4, y: 2.4}
    adaptiveTilingThreshold: 0.5
    drawMode: 0
    adaptiveTiling: 0
  m_AutoTiling: 0
  serializedVersion: 2
  m_Size: {x: 0.22050518, y: 0.09207475}
  m_EdgeRadius: 0
--- !u!4 &659332057 stripped
Transform:
  m_PrefabParentObject: {fileID: 4190188108827206, guid: cd22053dd9a9a4d9bb970fdd671dabf2,
    type: 2}
  m_PrefabInternal: {fileID: 1135375118}
--- !u!114 &659332058
MonoBehaviour:
  m_ObjectHideFlags: 0
  m_PrefabParentObject: {fileID: 0}
  m_PrefabInternal: {fileID: 0}
  m_GameObject: {fileID: 659332051}
  m_Enabled: 1
  m_EditorHideFlags: 0
  m_Script: {fileID: 11500000, guid: 8da0653fb4e4a4bcaac82ac0f733af37, type: 3}
  m_Name: 
  m_EditorClassIdentifier: 
  shapeDestructionPoint: {fileID: 0}
--- !u!1 &727706495
GameObject:
  m_ObjectHideFlags: 0
  m_PrefabParentObject: {fileID: 0}
  m_PrefabInternal: {fileID: 0}
  serializedVersion: 5
  m_Component:
  - component: {fileID: 727706499}
  - component: {fileID: 727706498}
  - component: {fileID: 727706497}
  - component: {fileID: 727706496}
  m_Layer: 5
  m_Name: Canvas
  m_TagString: Untagged
  m_Icon: {fileID: 0}
  m_NavMeshLayer: 0
  m_StaticEditorFlags: 0
  m_IsActive: 1
--- !u!114 &727706496
MonoBehaviour:
  m_ObjectHideFlags: 0
  m_PrefabParentObject: {fileID: 0}
  m_PrefabInternal: {fileID: 0}
  m_GameObject: {fileID: 727706495}
  m_Enabled: 1
  m_EditorHideFlags: 0
  m_Script: {fileID: 1301386320, guid: f70555f144d8491a825f0804e09c671c, type: 3}
  m_Name: 
  m_EditorClassIdentifier: 
  m_IgnoreReversedGraphics: 1
  m_BlockingObjects: 0
  m_BlockingMask:
    serializedVersion: 2
    m_Bits: 4294967295
--- !u!114 &727706497
MonoBehaviour:
  m_ObjectHideFlags: 0
  m_PrefabParentObject: {fileID: 0}
  m_PrefabInternal: {fileID: 0}
  m_GameObject: {fileID: 727706495}
  m_Enabled: 1
  m_EditorHideFlags: 0
  m_Script: {fileID: 1980459831, guid: f70555f144d8491a825f0804e09c671c, type: 3}
  m_Name: 
  m_EditorClassIdentifier: 
  m_UiScaleMode: 0
  m_ReferencePixelsPerUnit: 100
  m_ScaleFactor: 1
  m_ReferenceResolution: {x: 800, y: 600}
  m_ScreenMatchMode: 0
  m_MatchWidthOrHeight: 0
  m_PhysicalUnit: 3
  m_FallbackScreenDPI: 96
  m_DefaultSpriteDPI: 96
  m_DynamicPixelsPerUnit: 1
--- !u!223 &727706498
Canvas:
  m_ObjectHideFlags: 0
  m_PrefabParentObject: {fileID: 0}
  m_PrefabInternal: {fileID: 0}
  m_GameObject: {fileID: 727706495}
  m_Enabled: 1
  serializedVersion: 3
  m_RenderMode: 0
  m_Camera: {fileID: 784670863}
  m_PlaneDistance: 100
  m_PixelPerfect: 1
  m_ReceivesEvents: 1
  m_OverrideSorting: 0
  m_OverridePixelPerfect: 0
  m_SortingBucketNormalizedSize: 0
  m_AdditionalShaderChannelsFlag: 0
  m_SortingLayerID: -1791641811
  m_SortingOrder: 0
  m_TargetDisplay: 0
--- !u!224 &727706499
RectTransform:
  m_ObjectHideFlags: 0
  m_PrefabParentObject: {fileID: 0}
  m_PrefabInternal: {fileID: 0}
  m_GameObject: {fileID: 727706495}
  m_LocalRotation: {x: 0, y: 0, z: 0, w: 1}
  m_LocalPosition: {x: 0, y: 0, z: 0}
  m_LocalScale: {x: 0, y: 0, z: 0}
  m_Children:
  - {fileID: 455272428}
  - {fileID: 1238253602}
  - {fileID: 1046691802}
  - {fileID: 1373401418}
  m_Father: {fileID: 0}
  m_RootOrder: 2
  m_LocalEulerAnglesHint: {x: 0, y: 0, z: 0}
  m_AnchorMin: {x: 0, y: 0}
  m_AnchorMax: {x: 0, y: 0}
  m_AnchoredPosition: {x: 0, y: 0}
  m_SizeDelta: {x: 0, y: 0}
  m_Pivot: {x: 0, y: 0}
--- !u!1 &747134548
GameObject:
  m_ObjectHideFlags: 0
  m_PrefabParentObject: {fileID: 0}
  m_PrefabInternal: {fileID: 0}
  serializedVersion: 5
  m_Component:
  - component: {fileID: 747134549}
  m_Layer: 0
  m_Name: ShapeDestructionPoint (2)
  m_TagString: Untagged
  m_Icon: {fileID: 0}
  m_NavMeshLayer: 0
  m_StaticEditorFlags: 0
  m_IsActive: 1
--- !u!4 &747134549
Transform:
  m_ObjectHideFlags: 0
  m_PrefabParentObject: {fileID: 0}
  m_PrefabInternal: {fileID: 0}
  m_GameObject: {fileID: 747134548}
  m_LocalRotation: {x: -0, y: -0, z: -0, w: 1}
  m_LocalPosition: {x: -15.1, y: 0, z: 0}
  m_LocalScale: {x: 1, y: 1, z: 1}
  m_Children: []
  m_Father: {fileID: 784670864}
  m_RootOrder: 12
  m_LocalEulerAnglesHint: {x: 0, y: 0, z: 0}
--- !u!1001 &766550324
Prefab:
  m_ObjectHideFlags: 0
  serializedVersion: 2
  m_Modification:
    m_TransformParent: {fileID: 0}
    m_Modifications:
    - target: {fileID: 4207804983100374, guid: 6dcf0acf53cfc4f62b7a7ee86adffe14, type: 2}
      propertyPath: m_LocalPosition.x
      value: -4.19
      objectReference: {fileID: 0}
    - target: {fileID: 4207804983100374, guid: 6dcf0acf53cfc4f62b7a7ee86adffe14, type: 2}
      propertyPath: m_LocalPosition.y
      value: 1.22
      objectReference: {fileID: 0}
    - target: {fileID: 4207804983100374, guid: 6dcf0acf53cfc4f62b7a7ee86adffe14, type: 2}
      propertyPath: m_LocalPosition.z
      value: 0
      objectReference: {fileID: 0}
    - target: {fileID: 4207804983100374, guid: 6dcf0acf53cfc4f62b7a7ee86adffe14, type: 2}
      propertyPath: m_LocalRotation.x
      value: -0
      objectReference: {fileID: 0}
    - target: {fileID: 4207804983100374, guid: 6dcf0acf53cfc4f62b7a7ee86adffe14, type: 2}
      propertyPath: m_LocalRotation.y
      value: -0
      objectReference: {fileID: 0}
    - target: {fileID: 4207804983100374, guid: 6dcf0acf53cfc4f62b7a7ee86adffe14, type: 2}
      propertyPath: m_LocalRotation.z
      value: 0.7071064
      objectReference: {fileID: 0}
    - target: {fileID: 4207804983100374, guid: 6dcf0acf53cfc4f62b7a7ee86adffe14, type: 2}
      propertyPath: m_LocalRotation.w
      value: -0.7071072
      objectReference: {fileID: 0}
    - target: {fileID: 4207804983100374, guid: 6dcf0acf53cfc4f62b7a7ee86adffe14, type: 2}
      propertyPath: m_RootOrder
      value: 13
      objectReference: {fileID: 0}
    - target: {fileID: 61716443896613818, guid: 6dcf0acf53cfc4f62b7a7ee86adffe14,
        type: 2}
      propertyPath: m_Size.x
      value: 1
      objectReference: {fileID: 0}
    - target: {fileID: 1854705566844538, guid: 6dcf0acf53cfc4f62b7a7ee86adffe14, type: 2}
      propertyPath: m_Name
      value: Wall
      objectReference: {fileID: 0}
    - target: {fileID: 4207804983100374, guid: 6dcf0acf53cfc4f62b7a7ee86adffe14, type: 2}
      propertyPath: m_LocalScale.y
      value: 1
      objectReference: {fileID: 0}
    - target: {fileID: 4207804983100374, guid: 6dcf0acf53cfc4f62b7a7ee86adffe14, type: 2}
      propertyPath: m_LocalEulerAnglesHint.z
      value: -90.00001
      objectReference: {fileID: 0}
    - target: {fileID: 212828386675950974, guid: 6dcf0acf53cfc4f62b7a7ee86adffe14,
        type: 2}
      propertyPath: m_Color.r
      value: 0.5411765
      objectReference: {fileID: 0}
    - target: {fileID: 212828386675950974, guid: 6dcf0acf53cfc4f62b7a7ee86adffe14,
        type: 2}
      propertyPath: m_Color.g
      value: 0.13333334
      objectReference: {fileID: 0}
    - target: {fileID: 212828386675950974, guid: 6dcf0acf53cfc4f62b7a7ee86adffe14,
        type: 2}
      propertyPath: m_Color.b
      value: 0.56078434
      objectReference: {fileID: 0}
    m_RemovedComponents:
    - {fileID: 114358689297462728, guid: 6dcf0acf53cfc4f62b7a7ee86adffe14, type: 2}
  m_ParentPrefab: {fileID: 100100000, guid: 6dcf0acf53cfc4f62b7a7ee86adffe14, type: 2}
  m_IsPrefabParent: 0
--- !u!1 &784670859
GameObject:
  m_ObjectHideFlags: 0
  m_PrefabParentObject: {fileID: 0}
  m_PrefabInternal: {fileID: 0}
  serializedVersion: 5
  m_Component:
  - component: {fileID: 784670864}
  - component: {fileID: 784670863}
  - component: {fileID: 784670865}
  - component: {fileID: 784670862}
  - component: {fileID: 784670861}
  - component: {fileID: 784670860}
  m_Layer: 0
  m_Name: Main Camera
  m_TagString: MainCamera
  m_Icon: {fileID: 0}
  m_NavMeshLayer: 0
  m_StaticEditorFlags: 0
  m_IsActive: 1
--- !u!81 &784670860
AudioListener:
  m_ObjectHideFlags: 0
  m_PrefabParentObject: {fileID: 0}
  m_PrefabInternal: {fileID: 0}
  m_GameObject: {fileID: 784670859}
  m_Enabled: 1
--- !u!124 &784670861
Behaviour:
  m_ObjectHideFlags: 0
  m_PrefabParentObject: {fileID: 0}
  m_PrefabInternal: {fileID: 0}
  m_GameObject: {fileID: 784670859}
  m_Enabled: 1
--- !u!92 &784670862
Behaviour:
  m_ObjectHideFlags: 0
  m_PrefabParentObject: {fileID: 0}
  m_PrefabInternal: {fileID: 0}
  m_GameObject: {fileID: 784670859}
  m_Enabled: 1
--- !u!20 &784670863
Camera:
  m_ObjectHideFlags: 0
  m_PrefabParentObject: {fileID: 0}
  m_PrefabInternal: {fileID: 0}
  m_GameObject: {fileID: 784670859}
  m_Enabled: 1
  serializedVersion: 2
  m_ClearFlags: 1
  m_BackGroundColor: {r: 0.19215687, g: 0.3019608, b: 0.4745098, a: 0}
  m_NormalizedViewPortRect:
    serializedVersion: 2
    x: 0
    y: 0
    width: 1
    height: 1
  near clip plane: 0.3
  far clip plane: 1000
  field of view: 60
  orthographic: 1
  orthographic size: 5
  m_Depth: -1
  m_CullingMask:
    serializedVersion: 2
    m_Bits: 4294967295
  m_RenderingPath: 1
  m_TargetTexture: {fileID: 0}
  m_TargetDisplay: 0
  m_TargetEye: 3
  m_HDR: 1
  m_AllowMSAA: 1
  m_ForceIntoRT: 0
  m_OcclusionCulling: 1
  m_StereoConvergence: 10
  m_StereoSeparation: 0.022
  m_StereoMirrorMode: 0
--- !u!4 &784670864
Transform:
  m_ObjectHideFlags: 0
  m_PrefabParentObject: {fileID: 0}
  m_PrefabInternal: {fileID: 0}
  m_GameObject: {fileID: 784670859}
  m_LocalRotation: {x: -0, y: -0, z: -0, w: 1}
  m_LocalPosition: {x: 0, y: 0, z: -10}
  m_LocalScale: {x: 1, y: 1, z: 1}
  m_Children:
  - {fileID: 173008776}
  - {fileID: 1719779087}
  - {fileID: 1644772175}
  - {fileID: 1921911106}
  - {fileID: 1163764443}
  - {fileID: 1605382274}
  - {fileID: 1471353198}
  - {fileID: 257069450}
  - {fileID: 659332057}
  - {fileID: 649980838}
  - {fileID: 1908152376}
  - {fileID: 44103213}
  - {fileID: 747134549}
  - {fileID: 1780954626}
  m_Father: {fileID: 0}
  m_RootOrder: 0
  m_LocalEulerAnglesHint: {x: 0, y: 0, z: 0}
--- !u!114 &784670865
MonoBehaviour:
  m_ObjectHideFlags: 0
  m_PrefabParentObject: {fileID: 0}
  m_PrefabInternal: {fileID: 0}
  m_GameObject: {fileID: 784670859}
  m_Enabled: 1
  m_EditorHideFlags: 0
  m_Script: {fileID: 11500000, guid: af6ca1215b5434fab9bb067b1dd77d6d, type: 3}
  m_Name: 
  m_EditorClassIdentifier: 
  Player: {fileID: 323298682}
--- !u!1 &874820602
GameObject:
  m_ObjectHideFlags: 0
  m_PrefabParentObject: {fileID: 0}
  m_PrefabInternal: {fileID: 0}
  serializedVersion: 5
  m_Component:
  - component: {fileID: 874820605}
  - component: {fileID: 874820604}
  - component: {fileID: 874820603}
  m_Layer: 0
  m_Name: EventSystem
  m_TagString: Untagged
  m_Icon: {fileID: 0}
  m_NavMeshLayer: 0
  m_StaticEditorFlags: 0
  m_IsActive: 1
--- !u!114 &874820603
MonoBehaviour:
  m_ObjectHideFlags: 0
  m_PrefabParentObject: {fileID: 0}
  m_PrefabInternal: {fileID: 0}
  m_GameObject: {fileID: 874820602}
  m_Enabled: 1
  m_EditorHideFlags: 0
  m_Script: {fileID: 1077351063, guid: f70555f144d8491a825f0804e09c671c, type: 3}
  m_Name: 
  m_EditorClassIdentifier: 
  m_HorizontalAxis: Horizontal
  m_VerticalAxis: Vertical
  m_SubmitButton: Submit
  m_CancelButton: Cancel
  m_InputActionsPerSecond: 10
  m_RepeatDelay: 0.5
  m_ForceModuleActive: 0
--- !u!114 &874820604
MonoBehaviour:
  m_ObjectHideFlags: 0
  m_PrefabParentObject: {fileID: 0}
  m_PrefabInternal: {fileID: 0}
  m_GameObject: {fileID: 874820602}
  m_Enabled: 1
  m_EditorHideFlags: 0
  m_Script: {fileID: -619905303, guid: f70555f144d8491a825f0804e09c671c, type: 3}
  m_Name: 
  m_EditorClassIdentifier: 
  m_FirstSelected: {fileID: 0}
  m_sendNavigationEvents: 1
  m_DragThreshold: 5
--- !u!4 &874820605
Transform:
  m_ObjectHideFlags: 0
  m_PrefabParentObject: {fileID: 0}
  m_PrefabInternal: {fileID: 0}
  m_GameObject: {fileID: 874820602}
  m_LocalRotation: {x: 0, y: 0, z: 0, w: 1}
  m_LocalPosition: {x: 0, y: 0, z: 0}
  m_LocalScale: {x: 1, y: 1, z: 1}
  m_Children: []
  m_Father: {fileID: 0}
  m_RootOrder: 3
  m_LocalEulerAnglesHint: {x: 0, y: 0, z: 0}
--- !u!1 &1046691801
GameObject:
  m_ObjectHideFlags: 0
  m_PrefabParentObject: {fileID: 0}
  m_PrefabInternal: {fileID: 0}
  serializedVersion: 5
  m_Component:
  - component: {fileID: 1046691802}
  - component: {fileID: 1046691805}
  - component: {fileID: 1046691804}
  - component: {fileID: 1046691803}
  m_Layer: 5
  m_Name: Meter
  m_TagString: Untagged
  m_Icon: {fileID: 0}
  m_NavMeshLayer: 0
  m_StaticEditorFlags: 0
  m_IsActive: 1
--- !u!224 &1046691802
RectTransform:
  m_ObjectHideFlags: 0
  m_PrefabParentObject: {fileID: 0}
  m_PrefabInternal: {fileID: 0}
  m_GameObject: {fileID: 1046691801}
  m_LocalRotation: {x: 0, y: 0, z: 0, w: 1}
  m_LocalPosition: {x: 0, y: 0, z: 0}
  m_LocalScale: {x: 1, y: 1, z: 1}
  m_Children: []
  m_Father: {fileID: 727706499}
  m_RootOrder: 2
  m_LocalEulerAnglesHint: {x: 0, y: 0, z: 0}
  m_AnchorMin: {x: 0, y: 1}
  m_AnchorMax: {x: 0, y: 1}
  m_AnchoredPosition: {x: 615, y: -23}
  m_SizeDelta: {x: 452.2, y: 30}
  m_Pivot: {x: 0.5, y: 0.5}
--- !u!114 &1046691803
MonoBehaviour:
  m_ObjectHideFlags: 0
  m_PrefabParentObject: {fileID: 0}
  m_PrefabInternal: {fileID: 0}
  m_GameObject: {fileID: 1046691801}
  m_Enabled: 1
  m_EditorHideFlags: 0
  m_Script: {fileID: 708705254, guid: f70555f144d8491a825f0804e09c671c, type: 3}
  m_Name: 
  m_EditorClassIdentifier: 
  m_Material: {fileID: 0}
  m_Color: {r: 1, g: 1, b: 1, a: 1}
  m_RaycastTarget: 1
  m_OnCullStateChanged:
    m_PersistentCalls:
      m_Calls: []
    m_TypeName: UnityEngine.UI.MaskableGraphic+CullStateChangedEvent, UnityEngine.UI,
      Version=1.0.0.0, Culture=neutral, PublicKeyToken=null
  m_FontData:
    m_Font: {fileID: 10102, guid: 0000000000000000e000000000000000, type: 0}
    m_FontSize: 24
    m_FontStyle: 0
    m_BestFit: 0
    m_MinSize: 4
    m_MaxSize: 40
    m_Alignment: 4
    m_AlignByGeometry: 0
    m_RichText: 1
    m_HorizontalOverflow: 0
    m_VerticalOverflow: 0
    m_LineSpacing: 1
  m_Text: 'Distance: '
--- !u!114 &1046691804
MonoBehaviour:
  m_ObjectHideFlags: 0
  m_PrefabParentObject: {fileID: 0}
  m_PrefabInternal: {fileID: 0}
  m_GameObject: {fileID: 1046691801}
  m_Enabled: 1
  m_EditorHideFlags: 0
  m_Script: {fileID: 11500000, guid: 650c73fbec161407ba71f2e550c5ca38, type: 3}
  m_Name: 
  m_EditorClassIdentifier: 
  Player: {fileID: 323298682}
  multiplier: 2
--- !u!222 &1046691805
CanvasRenderer:
  m_ObjectHideFlags: 0
  m_PrefabParentObject: {fileID: 0}
  m_PrefabInternal: {fileID: 0}
  m_GameObject: {fileID: 1046691801}
--- !u!1001 &1069473262
Prefab:
  m_ObjectHideFlags: 0
  serializedVersion: 2
  m_Modification:
    m_TransformParent: {fileID: 0}
    m_Modifications:
    - target: {fileID: 4207804983100374, guid: 6dcf0acf53cfc4f62b7a7ee86adffe14, type: 2}
      propertyPath: m_LocalPosition.x
      value: 2.1022754
      objectReference: {fileID: 0}
    - target: {fileID: 4207804983100374, guid: 6dcf0acf53cfc4f62b7a7ee86adffe14, type: 2}
      propertyPath: m_LocalPosition.y
      value: -4.6403227
      objectReference: {fileID: 0}
    - target: {fileID: 4207804983100374, guid: 6dcf0acf53cfc4f62b7a7ee86adffe14, type: 2}
      propertyPath: m_LocalPosition.z
      value: 0
      objectReference: {fileID: 0}
    - target: {fileID: 4207804983100374, guid: 6dcf0acf53cfc4f62b7a7ee86adffe14, type: 2}
      propertyPath: m_LocalRotation.x
      value: 0
      objectReference: {fileID: 0}
    - target: {fileID: 4207804983100374, guid: 6dcf0acf53cfc4f62b7a7ee86adffe14, type: 2}
      propertyPath: m_LocalRotation.y
      value: 0
      objectReference: {fileID: 0}
    - target: {fileID: 4207804983100374, guid: 6dcf0acf53cfc4f62b7a7ee86adffe14, type: 2}
      propertyPath: m_LocalRotation.z
      value: 0
      objectReference: {fileID: 0}
    - target: {fileID: 4207804983100374, guid: 6dcf0acf53cfc4f62b7a7ee86adffe14, type: 2}
      propertyPath: m_LocalRotation.w
      value: 1
      objectReference: {fileID: 0}
    - target: {fileID: 4207804983100374, guid: 6dcf0acf53cfc4f62b7a7ee86adffe14, type: 2}
      propertyPath: m_RootOrder
      value: 10
      objectReference: {fileID: 0}
    - target: {fileID: 61716443896613818, guid: 6dcf0acf53cfc4f62b7a7ee86adffe14,
        type: 2}
      propertyPath: m_Size.x
      value: 1
      objectReference: {fileID: 0}
    - target: {fileID: 1854705566844538, guid: 6dcf0acf53cfc4f62b7a7ee86adffe14, type: 2}
      propertyPath: m_Name
      value: Ground (2)
      objectReference: {fileID: 0}
    - target: {fileID: 212828386675950974, guid: 6dcf0acf53cfc4f62b7a7ee86adffe14,
        type: 2}
      propertyPath: m_Color.r
      value: 0.541
      objectReference: {fileID: 0}
    - target: {fileID: 212828386675950974, guid: 6dcf0acf53cfc4f62b7a7ee86adffe14,
        type: 2}
      propertyPath: m_Color.g
      value: 0.13137977
      objectReference: {fileID: 0}
    - target: {fileID: 212828386675950974, guid: 6dcf0acf53cfc4f62b7a7ee86adffe14,
        type: 2}
      propertyPath: m_Color.b
      value: 0.559
      objectReference: {fileID: 0}
    m_RemovedComponents:
    - {fileID: 114358689297462728, guid: 6dcf0acf53cfc4f62b7a7ee86adffe14, type: 2}
  m_ParentPrefab: {fileID: 100100000, guid: 6dcf0acf53cfc4f62b7a7ee86adffe14, type: 2}
  m_IsPrefabParent: 0
--- !u!1001 &1135375118
Prefab:
  m_ObjectHideFlags: 0
  serializedVersion: 2
  m_Modification:
    m_TransformParent: {fileID: 784670864}
    m_Modifications:
    - target: {fileID: 4190188108827206, guid: cd22053dd9a9a4d9bb970fdd671dabf2, type: 2}
      propertyPath: m_LocalPosition.x
      value: -1.8
      objectReference: {fileID: 0}
    - target: {fileID: 4190188108827206, guid: cd22053dd9a9a4d9bb970fdd671dabf2, type: 2}
      propertyPath: m_LocalPosition.y
      value: 8.17
      objectReference: {fileID: 0}
    - target: {fileID: 4190188108827206, guid: cd22053dd9a9a4d9bb970fdd671dabf2, type: 2}
      propertyPath: m_LocalPosition.z
      value: 10
      objectReference: {fileID: 0}
    - target: {fileID: 4190188108827206, guid: cd22053dd9a9a4d9bb970fdd671dabf2, type: 2}
      propertyPath: m_LocalRotation.x
      value: -0
      objectReference: {fileID: 0}
    - target: {fileID: 4190188108827206, guid: cd22053dd9a9a4d9bb970fdd671dabf2, type: 2}
      propertyPath: m_LocalRotation.y
      value: -0
      objectReference: {fileID: 0}
    - target: {fileID: 4190188108827206, guid: cd22053dd9a9a4d9bb970fdd671dabf2, type: 2}
      propertyPath: m_LocalRotation.z
      value: 0.024430396
      objectReference: {fileID: 0}
    - target: {fileID: 4190188108827206, guid: cd22053dd9a9a4d9bb970fdd671dabf2, type: 2}
      propertyPath: m_LocalRotation.w
      value: -0.99970156
      objectReference: {fileID: 0}
    - target: {fileID: 4190188108827206, guid: cd22053dd9a9a4d9bb970fdd671dabf2, type: 2}
      propertyPath: m_RootOrder
      value: 8
      objectReference: {fileID: 0}
    - target: {fileID: 4190188108827206, guid: cd22053dd9a9a4d9bb970fdd671dabf2, type: 2}
      propertyPath: m_LocalEulerAnglesHint.z
      value: -2.8000002
      objectReference: {fileID: 0}
    - target: {fileID: 4190188108827206, guid: cd22053dd9a9a4d9bb970fdd671dabf2, type: 2}
      propertyPath: m_LocalScale.x
      value: 1
      objectReference: {fileID: 0}
    - target: {fileID: 4190188108827206, guid: cd22053dd9a9a4d9bb970fdd671dabf2, type: 2}
      propertyPath: m_LocalScale.y
      value: 1
      objectReference: {fileID: 0}
    - target: {fileID: 4190188108827206, guid: cd22053dd9a9a4d9bb970fdd671dabf2, type: 2}
      propertyPath: m_LocalScale.z
      value: 1
      objectReference: {fileID: 0}
    - target: {fileID: 212440665876677858, guid: cd22053dd9a9a4d9bb970fdd671dabf2,
        type: 2}
      propertyPath: m_SortingLayerID
      value: -1791641811
      objectReference: {fileID: 0}
    - target: {fileID: 212440665876677858, guid: cd22053dd9a9a4d9bb970fdd671dabf2,
        type: 2}
      propertyPath: m_SortingLayer
      value: 2
      objectReference: {fileID: 0}
    - target: {fileID: 114599807620402696, guid: cd22053dd9a9a4d9bb970fdd671dabf2,
        type: 2}
      propertyPath: speed
      value: 50
      objectReference: {fileID: 0}
    - target: {fileID: 212440665876677858, guid: cd22053dd9a9a4d9bb970fdd671dabf2,
        type: 2}
      propertyPath: m_Sprite
      value: 
      objectReference: {fileID: 21300000, guid: f716fef53ea824b94b8672f29512802a,
        type: 3}
    m_RemovedComponents: []
  m_ParentPrefab: {fileID: 100100000, guid: cd22053dd9a9a4d9bb970fdd671dabf2, type: 2}
  m_IsPrefabParent: 0
--- !u!1 &1163764442
GameObject:
  m_ObjectHideFlags: 0
  m_PrefabParentObject: {fileID: 0}
  m_PrefabInternal: {fileID: 0}
  serializedVersion: 5
  m_Component:
  - component: {fileID: 1163764443}
  m_Layer: 0
  m_Name: CollectibleGenerationPoint
  m_TagString: Untagged
  m_Icon: {fileID: 0}
  m_NavMeshLayer: 0
  m_StaticEditorFlags: 0
  m_IsActive: 1
--- !u!4 &1163764443
Transform:
  m_ObjectHideFlags: 0
  m_PrefabParentObject: {fileID: 0}
  m_PrefabInternal: {fileID: 0}
  m_GameObject: {fileID: 1163764442}
  m_LocalRotation: {x: 0, y: 0, z: 0, w: 1}
  m_LocalPosition: {x: 14.6, y: 0, z: 0}
  m_LocalScale: {x: 1, y: 1, z: 1}
  m_Children: []
  m_Father: {fileID: 784670864}
  m_RootOrder: 4
  m_LocalEulerAnglesHint: {x: 0, y: 0, z: 0}
--- !u!1 &1238253601
GameObject:
  m_ObjectHideFlags: 0
  m_PrefabParentObject: {fileID: 0}
  m_PrefabInternal: {fileID: 0}
  serializedVersion: 5
  m_Component:
  - component: {fileID: 1238253602}
  - component: {fileID: 1238253604}
  - component: {fileID: 1238253603}
  - component: {fileID: 1238253605}
  m_Layer: 5
  m_Name: TimeText
  m_TagString: Untagged
  m_Icon: {fileID: 0}
  m_NavMeshLayer: 0
  m_StaticEditorFlags: 0
  m_IsActive: 1
--- !u!224 &1238253602
RectTransform:
  m_ObjectHideFlags: 0
  m_PrefabParentObject: {fileID: 0}
  m_PrefabInternal: {fileID: 0}
  m_GameObject: {fileID: 1238253601}
  m_LocalRotation: {x: 0, y: 0, z: 0, w: 1}
  m_LocalPosition: {x: 0, y: 0, z: 0}
  m_LocalScale: {x: 1, y: 1, z: 1}
  m_Children: []
  m_Father: {fileID: 727706499}
  m_RootOrder: 1
  m_LocalEulerAnglesHint: {x: 0, y: 0, z: 0}
  m_AnchorMin: {x: 0.5, y: 0.5}
  m_AnchorMax: {x: 0.5, y: 0.5}
  m_AnchoredPosition: {x: -295, y: 166}
  m_SizeDelta: {x: 160, y: 30}
  m_Pivot: {x: 0.5, y: 0.5}
--- !u!114 &1238253603
MonoBehaviour:
  m_ObjectHideFlags: 0
  m_PrefabParentObject: {fileID: 0}
  m_PrefabInternal: {fileID: 0}
  m_GameObject: {fileID: 1238253601}
  m_Enabled: 1
  m_EditorHideFlags: 0
  m_Script: {fileID: 708705254, guid: f70555f144d8491a825f0804e09c671c, type: 3}
  m_Name: 
  m_EditorClassIdentifier: 
  m_Material: {fileID: 0}
  m_Color: {r: 1, g: 1, b: 1, a: 1}
  m_RaycastTarget: 1
  m_OnCullStateChanged:
    m_PersistentCalls:
      m_Calls: []
    m_TypeName: UnityEngine.UI.MaskableGraphic+CullStateChangedEvent, UnityEngine.UI,
      Version=1.0.0.0, Culture=neutral, PublicKeyToken=null
  m_FontData:
    m_Font: {fileID: 10102, guid: 0000000000000000e000000000000000, type: 0}
    m_FontSize: 24
    m_FontStyle: 0
    m_BestFit: 0
    m_MinSize: 2
    m_MaxSize: 40
    m_Alignment: 4
    m_AlignByGeometry: 0
    m_RichText: 1
    m_HorizontalOverflow: 1
    m_VerticalOverflow: 1
    m_LineSpacing: 1
  m_Text: 'Time Left: 100'
--- !u!222 &1238253604
CanvasRenderer:
  m_ObjectHideFlags: 0
  m_PrefabParentObject: {fileID: 0}
  m_PrefabInternal: {fileID: 0}
  m_GameObject: {fileID: 1238253601}
--- !u!114 &1238253605
MonoBehaviour:
  m_ObjectHideFlags: 0
  m_PrefabParentObject: {fileID: 0}
  m_PrefabInternal: {fileID: 0}
  m_GameObject: {fileID: 1238253601}
  m_Enabled: 1
  m_EditorHideFlags: 0
  m_Script: {fileID: 11500000, guid: 168353ba9c12649ae875e0483a97397f, type: 3}
  m_Name: 
  m_EditorClassIdentifier: 
  timeLeft: 60
  countdownText: {fileID: 1238253603}
--- !u!1001 &1315171327
Prefab:
  m_ObjectHideFlags: 0
  serializedVersion: 2
  m_Modification:
    m_TransformParent: {fileID: 0}
    m_Modifications:
    - target: {fileID: 4462917871094316, guid: 14c887030f03b4cad9c27ecc4f571328, type: 2}
      propertyPath: m_LocalPosition.x
      value: 2.16
      objectReference: {fileID: 0}
    - target: {fileID: 4462917871094316, guid: 14c887030f03b4cad9c27ecc4f571328, type: 2}
      propertyPath: m_LocalPosition.y
      value: -3.722
      objectReference: {fileID: 0}
    - target: {fileID: 4462917871094316, guid: 14c887030f03b4cad9c27ecc4f571328, type: 2}
      propertyPath: m_LocalPosition.z
      value: 0
      objectReference: {fileID: 0}
    - target: {fileID: 4462917871094316, guid: 14c887030f03b4cad9c27ecc4f571328, type: 2}
      propertyPath: m_LocalRotation.x
      value: 0
      objectReference: {fileID: 0}
    - target: {fileID: 4462917871094316, guid: 14c887030f03b4cad9c27ecc4f571328, type: 2}
      propertyPath: m_LocalRotation.y
      value: 0
      objectReference: {fileID: 0}
    - target: {fileID: 4462917871094316, guid: 14c887030f03b4cad9c27ecc4f571328, type: 2}
      propertyPath: m_LocalRotation.z
      value: 0
      objectReference: {fileID: 0}
    - target: {fileID: 4462917871094316, guid: 14c887030f03b4cad9c27ecc4f571328, type: 2}
      propertyPath: m_LocalRotation.w
      value: 1
      objectReference: {fileID: 0}
    - target: {fileID: 4462917871094316, guid: 14c887030f03b4cad9c27ecc4f571328, type: 2}
      propertyPath: m_RootOrder
      value: 11
      objectReference: {fileID: 0}
    - target: {fileID: 4462917871094316, guid: 14c887030f03b4cad9c27ecc4f571328, type: 2}
      propertyPath: m_LocalScale.x
      value: 0.6772431
      objectReference: {fileID: 0}
    - target: {fileID: 4462917871094316, guid: 14c887030f03b4cad9c27ecc4f571328, type: 2}
      propertyPath: m_LocalScale.y
      value: 0.6772431
      objectReference: {fileID: 0}
    - target: {fileID: 4462917871094316, guid: 14c887030f03b4cad9c27ecc4f571328, type: 2}
      propertyPath: m_LocalScale.z
      value: 0.6772431
      objectReference: {fileID: 0}
    - target: {fileID: 1236214914459650, guid: 14c887030f03b4cad9c27ecc4f571328, type: 2}
      propertyPath: m_TagString
      value: Plus Time
      objectReference: {fileID: 0}
    - target: {fileID: 1236214914459650, guid: 14c887030f03b4cad9c27ecc4f571328, type: 2}
      propertyPath: m_Name
      value: Time collectible (1)
      objectReference: {fileID: 0}
    - target: {fileID: 212988117643220376, guid: 14c887030f03b4cad9c27ecc4f571328,
        type: 2}
      propertyPath: m_SortingLayerID
      value: -1791641811
      objectReference: {fileID: 0}
    - target: {fileID: 212988117643220376, guid: 14c887030f03b4cad9c27ecc4f571328,
        type: 2}
      propertyPath: m_SortingLayer
      value: 2
      objectReference: {fileID: 0}
    m_RemovedComponents: []
  m_ParentPrefab: {fileID: 100100000, guid: 14c887030f03b4cad9c27ecc4f571328, type: 2}
  m_IsPrefabParent: 0
--- !u!1001 &1333247247
Prefab:
  m_ObjectHideFlags: 0
  serializedVersion: 2
  m_Modification:
    m_TransformParent: {fileID: 0}
    m_Modifications:
    - target: {fileID: 4089920145691652, guid: fa27cd46575cb4b5d9d8df1a1a9f0c7e, type: 2}
      propertyPath: m_LocalPosition.x
      value: 5.15
      objectReference: {fileID: 0}
    - target: {fileID: 4089920145691652, guid: fa27cd46575cb4b5d9d8df1a1a9f0c7e, type: 2}
      propertyPath: m_LocalPosition.y
      value: -3.71
      objectReference: {fileID: 0}
    - target: {fileID: 4089920145691652, guid: fa27cd46575cb4b5d9d8df1a1a9f0c7e, type: 2}
      propertyPath: m_LocalPosition.z
      value: 0
      objectReference: {fileID: 0}
    - target: {fileID: 4089920145691652, guid: fa27cd46575cb4b5d9d8df1a1a9f0c7e, type: 2}
      propertyPath: m_LocalRotation.x
      value: 0
      objectReference: {fileID: 0}
    - target: {fileID: 4089920145691652, guid: fa27cd46575cb4b5d9d8df1a1a9f0c7e, type: 2}
      propertyPath: m_LocalRotation.y
      value: 0
      objectReference: {fileID: 0}
    - target: {fileID: 4089920145691652, guid: fa27cd46575cb4b5d9d8df1a1a9f0c7e, type: 2}
      propertyPath: m_LocalRotation.z
      value: 0
      objectReference: {fileID: 0}
    - target: {fileID: 4089920145691652, guid: fa27cd46575cb4b5d9d8df1a1a9f0c7e, type: 2}
      propertyPath: m_LocalRotation.w
      value: 1
      objectReference: {fileID: 0}
    - target: {fileID: 4089920145691652, guid: fa27cd46575cb4b5d9d8df1a1a9f0c7e, type: 2}
      propertyPath: m_RootOrder
      value: 12
      objectReference: {fileID: 0}
    - target: {fileID: 212229115755720956, guid: fa27cd46575cb4b5d9d8df1a1a9f0c7e,
        type: 2}
      propertyPath: m_SortingLayerID
      value: -1791641811
      objectReference: {fileID: 0}
    - target: {fileID: 212229115755720956, guid: fa27cd46575cb4b5d9d8df1a1a9f0c7e,
        type: 2}
      propertyPath: m_SortingLayer
      value: 2
      objectReference: {fileID: 0}
    - target: {fileID: 1832544414571460, guid: fa27cd46575cb4b5d9d8df1a1a9f0c7e, type: 2}
      propertyPath: m_Layer
      value: 8
      objectReference: {fileID: 0}
    - target: {fileID: 4089920145691652, guid: fa27cd46575cb4b5d9d8df1a1a9f0c7e, type: 2}
      propertyPath: m_LocalScale.x
      value: 0.4
      objectReference: {fileID: 0}
    - target: {fileID: 4089920145691652, guid: fa27cd46575cb4b5d9d8df1a1a9f0c7e, type: 2}
      propertyPath: m_LocalScale.y
      value: 0.4
      objectReference: {fileID: 0}
    - target: {fileID: 4089920145691652, guid: fa27cd46575cb4b5d9d8df1a1a9f0c7e, type: 2}
      propertyPath: m_LocalScale.z
      value: 0.4
      objectReference: {fileID: 0}
    - target: {fileID: 60809192927507732, guid: fa27cd46575cb4b5d9d8df1a1a9f0c7e,
        type: 2}
      propertyPath: m_AutoTiling
      value: 0
      objectReference: {fileID: 0}
    - target: {fileID: 1832544414571460, guid: fa27cd46575cb4b5d9d8df1a1a9f0c7e, type: 2}
      propertyPath: m_Name
      value: Circle (1)
      objectReference: {fileID: 0}
    - target: {fileID: 61474274284065106, guid: fa27cd46575cb4b5d9d8df1a1a9f0c7e,
        type: 2}
      propertyPath: m_Offset.x
      value: 1.4717374
      objectReference: {fileID: 0}
    - target: {fileID: 61474274284065106, guid: fa27cd46575cb4b5d9d8df1a1a9f0c7e,
        type: 2}
      propertyPath: m_Size.x
      value: 1.1993108
      objectReference: {fileID: 0}
    - target: {fileID: 61474274284065106, guid: fa27cd46575cb4b5d9d8df1a1a9f0c7e,
        type: 2}
      propertyPath: m_Offset.y
      value: 1.5582956
      objectReference: {fileID: 0}
    - target: {fileID: 61474274284065106, guid: fa27cd46575cb4b5d9d8df1a1a9f0c7e,
        type: 2}
      propertyPath: m_Size.y
      value: 1.7187617
      objectReference: {fileID: 0}
    - target: {fileID: 212229115755720956, guid: fa27cd46575cb4b5d9d8df1a1a9f0c7e,
        type: 2}
      propertyPath: m_Sprite
      value: 
      objectReference: {fileID: 21300000, guid: 8e0a2ff7a29c34033be293210e3e61bb,
        type: 3}
    - target: {fileID: 212229115755720956, guid: fa27cd46575cb4b5d9d8df1a1a9f0c7e,
        type: 2}
      propertyPath: m_WasSpriteAssigned
      value: 1
      objectReference: {fileID: 0}
    m_RemovedComponents:
    - {fileID: 0}
  m_ParentPrefab: {fileID: 100100000, guid: fa27cd46575cb4b5d9d8df1a1a9f0c7e, type: 2}
  m_IsPrefabParent: 0
--- !u!1 &1373401417
GameObject:
  m_ObjectHideFlags: 0
  m_PrefabParentObject: {fileID: 0}
  m_PrefabInternal: {fileID: 0}
  serializedVersion: 5
  m_Component:
  - component: {fileID: 1373401418}
  - component: {fileID: 1373401420}
  - component: {fileID: 1373401419}
  m_Layer: 5
  m_Name: ControlsText
  m_TagString: Untagged
  m_Icon: {fileID: 0}
  m_NavMeshLayer: 0
  m_StaticEditorFlags: 0
  m_IsActive: 1
--- !u!224 &1373401418
RectTransform:
  m_ObjectHideFlags: 0
  m_PrefabParentObject: {fileID: 0}
  m_PrefabInternal: {fileID: 0}
  m_GameObject: {fileID: 1373401417}
  m_LocalRotation: {x: -0, y: -0, z: -0, w: 1}
  m_LocalPosition: {x: 0, y: 0, z: 0}
  m_LocalScale: {x: 1, y: 1, z: 1}
  m_Children: []
  m_Father: {fileID: 727706499}
  m_RootOrder: 3
  m_LocalEulerAnglesHint: {x: 0, y: 0, z: 0}
  m_AnchorMin: {x: 0.5, y: 0.5}
  m_AnchorMax: {x: 0.5, y: 0.5}
  m_AnchoredPosition: {x: -244, y: -166}
  m_SizeDelta: {x: 243.6, y: 30}
  m_Pivot: {x: 0.5, y: 0.5}
--- !u!114 &1373401419
MonoBehaviour:
  m_ObjectHideFlags: 0
  m_PrefabParentObject: {fileID: 0}
  m_PrefabInternal: {fileID: 0}
  m_GameObject: {fileID: 1373401417}
  m_Enabled: 1
  m_EditorHideFlags: 0
  m_Script: {fileID: 708705254, guid: f70555f144d8491a825f0804e09c671c, type: 3}
  m_Name: 
  m_EditorClassIdentifier: 
  m_Material: {fileID: 0}
  m_Color: {r: 1, g: 1, b: 1, a: 1}
  m_RaycastTarget: 1
  m_OnCullStateChanged:
    m_PersistentCalls:
      m_Calls: []
    m_TypeName: UnityEngine.UI.MaskableGraphic+CullStateChangedEvent, UnityEngine.UI,
      Version=1.0.0.0, Culture=neutral, PublicKeyToken=null
  m_FontData:
    m_Font: {fileID: 10102, guid: 0000000000000000e000000000000000, type: 0}
    m_FontSize: 12
    m_FontStyle: 0
    m_BestFit: 0
    m_MinSize: 1
    m_MaxSize: 40
    m_Alignment: 3
    m_AlignByGeometry: 0
    m_RichText: 1
    m_HorizontalOverflow: 0
    m_VerticalOverflow: 0
    m_LineSpacing: 1
  m_Text: Left & Right Arrows to Move
--- !u!222 &1373401420
CanvasRenderer:
  m_ObjectHideFlags: 0
  m_PrefabParentObject: {fileID: 0}
  m_PrefabInternal: {fileID: 0}
  m_GameObject: {fileID: 1373401417}
--- !u!1001 &1447623843
Prefab:
  m_ObjectHideFlags: 0
  serializedVersion: 2
  m_Modification:
    m_TransformParent: {fileID: 784670864}
    m_Modifications:
    - target: {fileID: 60212216089399060, guid: 9c118af98a7e34b388034c87ec540691,
        type: 2}
      propertyPath: m_Points.m_Paths.Array.data[1].Array.size
      value: 10
      objectReference: {fileID: 0}
    - target: {fileID: 60212216089399060, guid: 9c118af98a7e34b388034c87ec540691,
        type: 2}
      propertyPath: m_Points.m_Paths.Array.data[0].Array.size
      value: 9
      objectReference: {fileID: 0}
    - target: {fileID: 4907659384050284, guid: 9c118af98a7e34b388034c87ec540691, type: 2}
      propertyPath: m_LocalPosition.x
      value: -1.8
      objectReference: {fileID: 0}
    - target: {fileID: 4907659384050284, guid: 9c118af98a7e34b388034c87ec540691, type: 2}
      propertyPath: m_LocalPosition.y
      value: 8.17
      objectReference: {fileID: 0}
    - target: {fileID: 4907659384050284, guid: 9c118af98a7e34b388034c87ec540691, type: 2}
      propertyPath: m_LocalPosition.z
      value: 10
      objectReference: {fileID: 0}
    - target: {fileID: 4907659384050284, guid: 9c118af98a7e34b388034c87ec540691, type: 2}
      propertyPath: m_LocalRotation.x
      value: -0
      objectReference: {fileID: 0}
    - target: {fileID: 4907659384050284, guid: 9c118af98a7e34b388034c87ec540691, type: 2}
      propertyPath: m_LocalRotation.y
      value: -0
      objectReference: {fileID: 0}
    - target: {fileID: 4907659384050284, guid: 9c118af98a7e34b388034c87ec540691, type: 2}
      propertyPath: m_LocalRotation.z
      value: -0
      objectReference: {fileID: 0}
    - target: {fileID: 4907659384050284, guid: 9c118af98a7e34b388034c87ec540691, type: 2}
      propertyPath: m_LocalRotation.w
      value: 1
      objectReference: {fileID: 0}
    - target: {fileID: 4907659384050284, guid: 9c118af98a7e34b388034c87ec540691, type: 2}
      propertyPath: m_RootOrder
      value: 7
      objectReference: {fileID: 0}
    - target: {fileID: 212344062571410076, guid: 9c118af98a7e34b388034c87ec540691,
        type: 2}
      propertyPath: m_SortingLayerID
      value: -1791641811
      objectReference: {fileID: 0}
    - target: {fileID: 212344062571410076, guid: 9c118af98a7e34b388034c87ec540691,
        type: 2}
      propertyPath: m_SortingLayer
      value: 2
      objectReference: {fileID: 0}
    - target: {fileID: 0}
      propertyPath: m_Offset.y
      value: 0.055945873
      objectReference: {fileID: 0}
    - target: {fileID: 0}
      propertyPath: m_Size.y
      value: 6.1984615
      objectReference: {fileID: 0}
    - target: {fileID: 0}
      propertyPath: m_Offset.x
      value: -0.111894846
      objectReference: {fileID: 0}
    - target: {fileID: 0}
      propertyPath: m_Size.x
      value: 10.11462
      objectReference: {fileID: 0}
    - target: {fileID: 60212216089399060, guid: 9c118af98a7e34b388034c87ec540691,
        type: 2}
      propertyPath: m_Points.m_Paths.Array.data[1].Array.data[2].x
      value: 4.4806347
      objectReference: {fileID: 0}
    - target: {fileID: 60212216089399060, guid: 9c118af98a7e34b388034c87ec540691,
        type: 2}
      propertyPath: m_Points.m_Paths.Array.data[1].Array.data[2].y
      value: -2.6287928
      objectReference: {fileID: 0}
    - target: {fileID: 60212216089399060, guid: 9c118af98a7e34b388034c87ec540691,
        type: 2}
      propertyPath: m_Points.m_Paths.Array.data[1].Array.data[3].y
      value: -2.6299999
      objectReference: {fileID: 0}
    - target: {fileID: 60212216089399060, guid: 9c118af98a7e34b388034c87ec540691,
        type: 2}
      propertyPath: m_Points.m_Paths.Array.data[1].Array.data[4].x
      value: -1.11
      objectReference: {fileID: 0}
    - target: {fileID: 60212216089399060, guid: 9c118af98a7e34b388034c87ec540691,
        type: 2}
      propertyPath: m_Points.m_Paths.Array.data[1].Array.data[4].y
      value: -3
      objectReference: {fileID: 0}
    - target: {fileID: 60212216089399060, guid: 9c118af98a7e34b388034c87ec540691,
        type: 2}
      propertyPath: m_Points.m_Paths.Array.data[1].Array.data[5].x
      value: -1.0799999
      objectReference: {fileID: 0}
    - target: {fileID: 60212216089399060, guid: 9c118af98a7e34b388034c87ec540691,
        type: 2}
      propertyPath: m_Points.m_Paths.Array.data[1].Array.data[6].y
      value: -3.03
      objectReference: {fileID: 0}
    - target: {fileID: 60212216089399060, guid: 9c118af98a7e34b388034c87ec540691,
        type: 2}
      propertyPath: m_Points.m_Paths.Array.data[1].Array.data[7].x
      value: 4.95
      objectReference: {fileID: 0}
    - target: {fileID: 60212216089399060, guid: 9c118af98a7e34b388034c87ec540691,
        type: 2}
      propertyPath: m_Points.m_Paths.Array.data[1].Array.data[8].x
      value: 4.95
      objectReference: {fileID: 0}
    - target: {fileID: 60212216089399060, guid: 9c118af98a7e34b388034c87ec540691,
        type: 2}
      propertyPath: m_Points.m_Paths.Array.data[1].Array.data[8].y
      value: 2.6799998
      objectReference: {fileID: 0}
    - target: {fileID: 60212216089399060, guid: 9c118af98a7e34b388034c87ec540691,
        type: 2}
      propertyPath: m_Points.m_Paths.Array.data[1].Array.data[9].x
      value: 4.92
      objectReference: {fileID: 0}
    - target: {fileID: 60212216089399060, guid: 9c118af98a7e34b388034c87ec540691,
        type: 2}
      propertyPath: m_Points.m_Paths.Array.data[1].Array.data[9].y
      value: 2.71
      objectReference: {fileID: 0}
    - target: {fileID: 60212216089399060, guid: 9c118af98a7e34b388034c87ec540691,
        type: 2}
      propertyPath: m_Points.m_Paths.Array.data[1].Array.data[3].x
      value: -1.11
      objectReference: {fileID: 0}
    - target: {fileID: 60212216089399060, guid: 9c118af98a7e34b388034c87ec540691,
        type: 2}
      propertyPath: m_Points.m_Paths.Array.data[1].Array.data[5].y
      value: -3.03
      objectReference: {fileID: 0}
    - target: {fileID: 60212216089399060, guid: 9c118af98a7e34b388034c87ec540691,
        type: 2}
      propertyPath: m_Points.m_Paths.Array.data[1].Array.data[6].x
      value: 4.92
      objectReference: {fileID: 0}
    - target: {fileID: 60212216089399060, guid: 9c118af98a7e34b388034c87ec540691,
        type: 2}
      propertyPath: m_Points.m_Paths.Array.data[1].Array.data[7].y
      value: -3
      objectReference: {fileID: 0}
    - target: {fileID: 60212216089399060, guid: 9c118af98a7e34b388034c87ec540691,
        type: 2}
      propertyPath: m_Points.m_Paths.Array.data[1].Array.data[10].x
      value: 1.54
      objectReference: {fileID: 0}
    - target: {fileID: 60212216089399060, guid: 9c118af98a7e34b388034c87ec540691,
        type: 2}
      propertyPath: m_Points.m_Paths.Array.data[1].Array.data[10].y
      value: 0.85999995
      objectReference: {fileID: 0}
    - target: {fileID: 60212216089399060, guid: 9c118af98a7e34b388034c87ec540691,
        type: 2}
      propertyPath: m_Points.m_Paths.Array.data[1].Array.data[0].x
      value: 4.49
      objectReference: {fileID: 0}
    - target: {fileID: 60212216089399060, guid: 9c118af98a7e34b388034c87ec540691,
        type: 2}
      propertyPath: m_Points.m_Paths.Array.data[1].Array.data[0].y
      value: 2.71
      objectReference: {fileID: 0}
    - target: {fileID: 60212216089399060, guid: 9c118af98a7e34b388034c87ec540691,
        type: 2}
      propertyPath: m_Points.m_Paths.Array.data[1].Array.data[11].x
      value: 4.5096636
      objectReference: {fileID: 0}
    - target: {fileID: 60212216089399060, guid: 9c118af98a7e34b388034c87ec540691,
        type: 2}
      propertyPath: m_Points.m_Paths.Array.data[1].Array.data[11].y
      value: 2.6640801
      objectReference: {fileID: 0}
    - target: {fileID: 60212216089399060, guid: 9c118af98a7e34b388034c87ec540691,
        type: 2}
      propertyPath: m_Points.m_Paths.Array.data[0].Array.data[8].x
      value: 1.24
      objectReference: {fileID: 0}
    - target: {fileID: 60212216089399060, guid: 9c118af98a7e34b388034c87ec540691,
        type: 2}
      propertyPath: m_Points.m_Paths.Array.data[0].Array.data[8].y
      value: 2.7
      objectReference: {fileID: 0}
    - target: {fileID: 60212216089399060, guid: 9c118af98a7e34b388034c87ec540691,
        type: 2}
      propertyPath: m_Points.m_Paths.Array.data[0].Array.data[0].x
      value: 1.24
      objectReference: {fileID: 0}
    - target: {fileID: 60212216089399060, guid: 9c118af98a7e34b388034c87ec540691,
        type: 2}
      propertyPath: m_Points.m_Paths.Array.data[0].Array.data[0].y
      value: 3.06
      objectReference: {fileID: 0}
    - target: {fileID: 60212216089399060, guid: 9c118af98a7e34b388034c87ec540691,
        type: 2}
      propertyPath: m_Points.m_Paths.Array.data[0].Array.data[1].y
      value: 3.09
      objectReference: {fileID: 0}
    - target: {fileID: 60212216089399060, guid: 9c118af98a7e34b388034c87ec540691,
        type: 2}
      propertyPath: m_Points.m_Paths.Array.data[0].Array.data[2].x
      value: -5.0099998
      objectReference: {fileID: 0}
    - target: {fileID: 60212216089399060, guid: 9c118af98a7e34b388034c87ec540691,
        type: 2}
      propertyPath: m_Points.m_Paths.Array.data[0].Array.data[2].y
      value: 3.09
      objectReference: {fileID: 0}
    - target: {fileID: 60212216089399060, guid: 9c118af98a7e34b388034c87ec540691,
        type: 2}
      propertyPath: m_Points.m_Paths.Array.data[0].Array.data[3].x
      value: -4.9506254
      objectReference: {fileID: 0}
    - target: {fileID: 60212216089399060, guid: 9c118af98a7e34b388034c87ec540691,
        type: 2}
      propertyPath: m_Points.m_Paths.Array.data[0].Array.data[4].y
      value: -1.3675084
      objectReference: {fileID: 0}
    - target: {fileID: 60212216089399060, guid: 9c118af98a7e34b388034c87ec540691,
        type: 2}
      propertyPath: m_Points.m_Paths.Array.data[0].Array.data[5].x
      value: -4.562809
      objectReference: {fileID: 0}
    - target: {fileID: 60212216089399060, guid: 9c118af98a7e34b388034c87ec540691,
        type: 2}
      propertyPath: m_Points.m_Paths.Array.data[0].Array.data[6].x
      value: -4.571045
      objectReference: {fileID: 0}
    - target: {fileID: 60212216089399060, guid: 9c118af98a7e34b388034c87ec540691,
        type: 2}
      propertyPath: m_Points.m_Paths.Array.data[0].Array.data[6].y
      value: -0.34859335
      objectReference: {fileID: 0}
    - target: {fileID: 60212216089399060, guid: 9c118af98a7e34b388034c87ec540691,
        type: 2}
      propertyPath: m_Points.m_Paths.Array.data[0].Array.data[7].y
      value: 2.6576748
      objectReference: {fileID: 0}
    - target: {fileID: 60212216089399060, guid: 9c118af98a7e34b388034c87ec540691,
        type: 2}
      propertyPath: m_Points.m_Paths.Array.data[0].Array.data[9].x
      value: -1.4353681
      objectReference: {fileID: 0}
    - target: {fileID: 60212216089399060, guid: 9c118af98a7e34b388034c87ec540691,
        type: 2}
      propertyPath: m_Points.m_Paths.Array.data[0].Array.data[9].y
      value: -0.81286794
      objectReference: {fileID: 0}
    - target: {fileID: 4907659384050284, guid: 9c118af98a7e34b388034c87ec540691, type: 2}
      propertyPath: m_LocalScale.y
      value: 0.3
      objectReference: {fileID: 0}
    - target: {fileID: 4907659384050284, guid: 9c118af98a7e34b388034c87ec540691, type: 2}
      propertyPath: m_LocalScale.x
      value: 0.3
      objectReference: {fileID: 0}
    - target: {fileID: 4907659384050284, guid: 9c118af98a7e34b388034c87ec540691, type: 2}
      propertyPath: m_LocalScale.z
      value: 0.3
      objectReference: {fileID: 0}
    - target: {fileID: 60212216089399060, guid: 9c118af98a7e34b388034c87ec540691,
        type: 2}
      propertyPath: m_Points.m_Paths.Array.data[1].Array.data[1].y
      value: 2.6799998
      objectReference: {fileID: 0}
    - target: {fileID: 60212216089399060, guid: 9c118af98a7e34b388034c87ec540691,
        type: 2}
      propertyPath: m_Points.m_Paths.Array.data[1].Array.data[1].x
      value: 4.46
      objectReference: {fileID: 0}
    - target: {fileID: 1063039523221374, guid: 9c118af98a7e34b388034c87ec540691, type: 2}
      propertyPath: m_Name
      value: Square
      objectReference: {fileID: 0}
    - target: {fileID: 60212216089399060, guid: 9c118af98a7e34b388034c87ec540691,
        type: 2}
      propertyPath: m_SpriteTilingProperty.oldSize.x
      value: 12.8
      objectReference: {fileID: 0}
    - target: {fileID: 60212216089399060, guid: 9c118af98a7e34b388034c87ec540691,
        type: 2}
      propertyPath: m_SpriteTilingProperty.oldSize.y
      value: 12.8
      objectReference: {fileID: 0}
    - target: {fileID: 60212216089399060, guid: 9c118af98a7e34b388034c87ec540691,
        type: 2}
      propertyPath: m_SpriteTilingProperty.newSize.x
      value: 12.8
      objectReference: {fileID: 0}
    - target: {fileID: 60212216089399060, guid: 9c118af98a7e34b388034c87ec540691,
        type: 2}
      propertyPath: m_SpriteTilingProperty.newSize.y
      value: 12.8
      objectReference: {fileID: 0}
    - target: {fileID: 60212216089399060, guid: 9c118af98a7e34b388034c87ec540691,
        type: 2}
      propertyPath: m_Enabled
      value: 1
      objectReference: {fileID: 0}
    - target: {fileID: 212344062571410076, guid: 9c118af98a7e34b388034c87ec540691,
        type: 2}
      propertyPath: m_Sprite
      value: 
      objectReference: {fileID: 21300000, guid: 124bbd25c888649a79a7b63adf0436f4,
        type: 3}
    - target: {fileID: 212344062571410076, guid: 9c118af98a7e34b388034c87ec540691,
        type: 2}
      propertyPath: m_Size.x
      value: 12.8
      objectReference: {fileID: 0}
    - target: {fileID: 212344062571410076, guid: 9c118af98a7e34b388034c87ec540691,
        type: 2}
      propertyPath: m_Size.y
      value: 12.8
      objectReference: {fileID: 0}
    - target: {fileID: 212344062571410076, guid: 9c118af98a7e34b388034c87ec540691,
        type: 2}
      propertyPath: m_WasSpriteAssigned
      value: 1
      objectReference: {fileID: 0}
    - target: {fileID: 60212216089399060, guid: 9c118af98a7e34b388034c87ec540691,
        type: 2}
      propertyPath: m_Points.m_Paths.Array.data[0].Array.data[1].x
      value: 1.22
      objectReference: {fileID: 0}
    - target: {fileID: 60212216089399060, guid: 9c118af98a7e34b388034c87ec540691,
        type: 2}
      propertyPath: m_Points.m_Paths.Array.data[0].Array.data[3].y
      value: -1.3971947
      objectReference: {fileID: 0}
    - target: {fileID: 60212216089399060, guid: 9c118af98a7e34b388034c87ec540691,
        type: 2}
      propertyPath: m_Points.m_Paths.Array.data[0].Array.data[4].x
      value: -4.5528083
      objectReference: {fileID: 0}
    - target: {fileID: 60212216089399060, guid: 9c118af98a7e34b388034c87ec540691,
        type: 2}
      propertyPath: m_Points.m_Paths.Array.data[0].Array.data[5].y
      value: -0.82907194
      objectReference: {fileID: 0}
    - target: {fileID: 60212216089399060, guid: 9c118af98a7e34b388034c87ec540691,
        type: 2}
      propertyPath: m_Points.m_Paths.Array.data[0].Array.data[7].x
      value: -4.533991
      objectReference: {fileID: 0}
    - target: {fileID: 60212216089399060, guid: 9c118af98a7e34b388034c87ec540691,
        type: 2}
      propertyPath: m_Points.m_Paths.Array.data[0].Array.data[10].x
      value: -1.227132
      objectReference: {fileID: 0}
    - target: {fileID: 60212216089399060, guid: 9c118af98a7e34b388034c87ec540691,
        type: 2}
      propertyPath: m_Points.m_Paths.Array.data[0].Array.data[10].y
      value: -0.8142646
      objectReference: {fileID: 0}
    - target: {fileID: 61132539988215020, guid: 9c118af98a7e34b388034c87ec540691,
        type: 2}
      propertyPath: m_Offset.x
      value: -4.7842393
      objectReference: {fileID: 0}
    - target: {fileID: 61132539988215020, guid: 9c118af98a7e34b388034c87ec540691,
        type: 2}
      propertyPath: m_Size.x
      value: 0.2628107
      objectReference: {fileID: 0}
    - target: {fileID: 61132539988215020, guid: 9c118af98a7e34b388034c87ec540691,
        type: 2}
      propertyPath: m_Offset.y
      value: 2.6434503
      objectReference: {fileID: 0}
    - target: {fileID: 61132539988215020, guid: 9c118af98a7e34b388034c87ec540691,
        type: 2}
      propertyPath: m_Size.y
      value: 0.47103214
      objectReference: {fileID: 0}
    m_RemovedComponents: []
  m_ParentPrefab: {fileID: 100100000, guid: 9c118af98a7e34b388034c87ec540691, type: 2}
  m_IsPrefabParent: 0
--- !u!1 &1471353194 stripped
GameObject:
  m_PrefabParentObject: {fileID: 1832544414571460, guid: fa27cd46575cb4b5d9d8df1a1a9f0c7e,
    type: 2}
  m_PrefabInternal: {fileID: 290814954}
--- !u!4 &1471353198 stripped
Transform:
  m_PrefabParentObject: {fileID: 4089920145691652, guid: fa27cd46575cb4b5d9d8df1a1a9f0c7e,
    type: 2}
  m_PrefabInternal: {fileID: 290814954}
--- !u!1 &1576396508
GameObject:
  m_ObjectHideFlags: 0
  m_PrefabParentObject: {fileID: 0}
  m_PrefabInternal: {fileID: 0}
  serializedVersion: 5
  m_Component:
  - component: {fileID: 1576396510}
  - component: {fileID: 1576396509}
  m_Layer: 0
  m_Name: Shape Generator (2)
  m_TagString: Untagged
  m_Icon: {fileID: 0}
  m_NavMeshLayer: 0
  m_StaticEditorFlags: 0
  m_IsActive: 1
--- !u!114 &1576396509
MonoBehaviour:
  m_ObjectHideFlags: 0
  m_PrefabParentObject: {fileID: 0}
  m_PrefabInternal: {fileID: 0}
  m_GameObject: {fileID: 1576396508}
  m_Enabled: 1
  m_EditorHideFlags: 0
  m_Script: {fileID: 11500000, guid: a10299606305c449a9bfe279bb5c795c, type: 3}
  m_Name: 
  m_EditorClassIdentifier: 
  obj: {fileID: 659332051}
  generationpoint: {fileID: 1921911106}
  distanceBetween: 32.4
--- !u!4 &1576396510
Transform:
  m_ObjectHideFlags: 0
  m_PrefabParentObject: {fileID: 0}
  m_PrefabInternal: {fileID: 0}
  m_GameObject: {fileID: 1576396508}
  m_LocalRotation: {x: 0, y: 0, z: 0, w: 1}
  m_LocalPosition: {x: 30.05, y: -2.7, z: 0}
  m_LocalScale: {x: 1, y: 1, z: 1}
  m_Children: []
  m_Father: {fileID: 0}
  m_RootOrder: 9
  m_LocalEulerAnglesHint: {x: 0, y: 0, z: 0}
--- !u!1 &1578100526
GameObject:
  m_ObjectHideFlags: 0
  m_PrefabParentObject: {fileID: 0}
  m_PrefabInternal: {fileID: 0}
  serializedVersion: 5
  m_Component:
  - component: {fileID: 1578100528}
  - component: {fileID: 1578100527}
  m_Layer: 0
  m_Name: Collectibale Generator
  m_TagString: Untagged
  m_Icon: {fileID: 0}
  m_NavMeshLayer: 0
  m_StaticEditorFlags: 0
  m_IsActive: 1
--- !u!114 &1578100527
MonoBehaviour:
  m_ObjectHideFlags: 0
  m_PrefabParentObject: {fileID: 0}
  m_PrefabInternal: {fileID: 0}
  m_GameObject: {fileID: 1578100526}
  m_Enabled: 1
  m_EditorHideFlags: 0
  m_Script: {fileID: 11500000, guid: 8c70beb0b846e48d49cb66a17944b28a, type: 3}
  m_Name: 
  m_EditorClassIdentifier: 
  obj: {fileID: 2143067768}
  generationpoint: {fileID: 1163764443}
  distanceBetween: 15
--- !u!4 &1578100528
Transform:
  m_ObjectHideFlags: 0
  m_PrefabParentObject: {fileID: 0}
  m_PrefabInternal: {fileID: 0}
  m_GameObject: {fileID: 1578100526}
  m_LocalRotation: {x: 0, y: 0, z: 0, w: 1}
  m_LocalPosition: {x: 6.23, y: -3.61, z: 0}
  m_LocalScale: {x: 1, y: 1, z: 1}
  m_Children: []
  m_Father: {fileID: 0}
  m_RootOrder: 6
  m_LocalEulerAnglesHint: {x: 0, y: 0, z: 0}
--- !u!1 &1605382271 stripped
GameObject:
  m_PrefabParentObject: {fileID: 1854705566844538, guid: 6dcf0acf53cfc4f62b7a7ee86adffe14,
    type: 2}
  m_PrefabInternal: {fileID: 641535345}
--- !u!4 &1605382274 stripped
Transform:
  m_PrefabParentObject: {fileID: 4207804983100374, guid: 6dcf0acf53cfc4f62b7a7ee86adffe14,
    type: 2}
  m_PrefabInternal: {fileID: 641535345}
--- !u!114 &1605382275
MonoBehaviour:
  m_ObjectHideFlags: 0
  m_PrefabParentObject: {fileID: 0}
  m_PrefabInternal: {fileID: 0}
  m_GameObject: {fileID: 1605382271}
  m_Enabled: 1
  m_EditorHideFlags: 0
  m_Script: {fileID: 11500000, guid: 5dd448814f51e430a86977fd7db75554, type: 3}
  m_Name: 
  m_EditorClassIdentifier: 
  platformDestructionPoint: {fileID: 0}
--- !u!1 &1644772174
GameObject:
  m_ObjectHideFlags: 0
  m_PrefabParentObject: {fileID: 0}
  m_PrefabInternal: {fileID: 0}
  serializedVersion: 5
  m_Component:
  - component: {fileID: 1644772175}
  m_Layer: 0
  m_Name: ShapeGenerationPoint (1)
  m_TagString: Untagged
  m_Icon: {fileID: 0}
  m_NavMeshLayer: 0
  m_StaticEditorFlags: 0
  m_IsActive: 1
--- !u!4 &1644772175
Transform:
  m_ObjectHideFlags: 0
  m_PrefabParentObject: {fileID: 0}
  m_PrefabInternal: {fileID: 0}
  m_GameObject: {fileID: 1644772174}
  m_LocalRotation: {x: -0, y: -0, z: -0, w: 1}
  m_LocalPosition: {x: 19.2, y: 0, z: 0}
  m_LocalScale: {x: 1, y: 1, z: 1}
  m_Children: []
  m_Father: {fileID: 784670864}
  m_RootOrder: 2
  m_LocalEulerAnglesHint: {x: 0, y: 0, z: 0}
--- !u!1 &1661879613 stripped
GameObject:
  m_PrefabParentObject: {fileID: 1854705566844538, guid: 6dcf0acf53cfc4f62b7a7ee86adffe14,
    type: 2}
  m_PrefabInternal: {fileID: 766550324}
--- !u!114 &1661879614
MonoBehaviour:
  m_ObjectHideFlags: 0
  m_PrefabParentObject: {fileID: 0}
  m_PrefabInternal: {fileID: 0}
  m_GameObject: {fileID: 1661879613}
  m_Enabled: 0
  m_EditorHideFlags: 0
  m_Script: {fileID: 11500000, guid: 5dd448814f51e430a86977fd7db75554, type: 3}
  m_Name: 
  m_EditorClassIdentifier: 
  platformDestructionPoint: {fileID: 0}
--- !u!1 &1719779086
GameObject:
  m_ObjectHideFlags: 0
  m_PrefabParentObject: {fileID: 0}
  m_PrefabInternal: {fileID: 0}
  serializedVersion: 5
  m_Component:
  - component: {fileID: 1719779087}
  m_Layer: 0
  m_Name: ShapeGenerationPoint
  m_TagString: Untagged
  m_Icon: {fileID: 0}
  m_NavMeshLayer: 0
  m_StaticEditorFlags: 0
  m_IsActive: 1
--- !u!4 &1719779087
Transform:
  m_ObjectHideFlags: 0
  m_PrefabParentObject: {fileID: 0}
  m_PrefabInternal: {fileID: 0}
  m_GameObject: {fileID: 1719779086}
  m_LocalRotation: {x: 0, y: 0, z: 0, w: 1}
  m_LocalPosition: {x: 14.2, y: 0, z: 0}
  m_LocalScale: {x: 1, y: 1, z: 1}
  m_Children: []
  m_Father: {fileID: 784670864}
  m_RootOrder: 1
  m_LocalEulerAnglesHint: {x: 0, y: 0, z: 0}
--- !u!1 &1780954625
GameObject:
  m_ObjectHideFlags: 0
  m_PrefabParentObject: {fileID: 0}
  m_PrefabInternal: {fileID: 0}
  serializedVersion: 5
  m_Component:
  - component: {fileID: 1780954626}
  - component: {fileID: 1780954627}
  m_Layer: 0
  m_Name: background-2405867_960_720
  m_TagString: Untagged
  m_Icon: {fileID: 0}
  m_NavMeshLayer: 0
  m_StaticEditorFlags: 0
  m_IsActive: 1
--- !u!4 &1780954626
Transform:
  m_ObjectHideFlags: 0
  m_PrefabParentObject: {fileID: 0}
  m_PrefabInternal: {fileID: 0}
  m_GameObject: {fileID: 1780954625}
  m_LocalRotation: {x: -0, y: -0, z: -0, w: 1}
  m_LocalPosition: {x: 0.05, y: -0.02, z: 10}
  m_LocalScale: {x: 2.1114483, y: 1.5744565, z: 1}
  m_Children: []
  m_Father: {fileID: 784670864}
  m_RootOrder: 13
  m_LocalEulerAnglesHint: {x: 0, y: 0, z: 0}
--- !u!212 &1780954627
SpriteRenderer:
  m_ObjectHideFlags: 0
  m_PrefabParentObject: {fileID: 0}
  m_PrefabInternal: {fileID: 0}
  m_GameObject: {fileID: 1780954625}
  m_Enabled: 1
  m_CastShadows: 0
  m_ReceiveShadows: 0
  m_MotionVectors: 1
  m_LightProbeUsage: 1
  m_ReflectionProbeUsage: 1
  m_Materials:
  - {fileID: 10754, guid: 0000000000000000f000000000000000, type: 0}
  m_StaticBatchInfo:
    firstSubMesh: 0
    subMeshCount: 0
  m_StaticBatchRoot: {fileID: 0}
  m_ProbeAnchor: {fileID: 0}
  m_LightProbeVolumeOverride: {fileID: 0}
  m_ScaleInLightmap: 1
  m_PreserveUVs: 0
  m_IgnoreNormalsForChartDetection: 0
  m_ImportantGI: 0
  m_SelectedEditorRenderState: 0
  m_MinimumChartSize: 4
  m_AutoUVMaxDistance: 0.5
  m_AutoUVMaxAngle: 89
  m_LightmapParameters: {fileID: 0}
  m_SortingLayerID: 0
  m_SortingLayer: 0
  m_SortingOrder: 0
  m_Sprite: {fileID: 21300000, guid: 64e436a36e6204f508efc68b7a8a26b9, type: 3}
  m_Color: {r: 1, g: 1, b: 1, a: 1}
  m_FlipX: 0
  m_FlipY: 0
  m_DrawMode: 0
  m_Size: {x: 9.6, y: 6.4}
  m_AdaptiveModeThreshold: 0.5
  m_SpriteTileMode: 0
  m_WasSpriteAssigned: 1
  m_MaskInteraction: 0
--- !u!1 &1908152375
GameObject:
  m_ObjectHideFlags: 0
  m_PrefabParentObject: {fileID: 0}
  m_PrefabInternal: {fileID: 0}
  serializedVersion: 5
  m_Component:
  - component: {fileID: 1908152376}
  m_Layer: 0
  m_Name: ShapeDestructionPoint
  m_TagString: Untagged
  m_Icon: {fileID: 0}
  m_NavMeshLayer: 0
  m_StaticEditorFlags: 0
  m_IsActive: 1
--- !u!4 &1908152376
Transform:
  m_ObjectHideFlags: 0
  m_PrefabParentObject: {fileID: 0}
  m_PrefabInternal: {fileID: 0}
  m_GameObject: {fileID: 1908152375}
  m_LocalRotation: {x: 0, y: 0, z: 0, w: 1}
  m_LocalPosition: {x: -15.1, y: 0, z: 0}
  m_LocalScale: {x: 1, y: 1, z: 1}
  m_Children: []
  m_Father: {fileID: 784670864}
  m_RootOrder: 10
  m_LocalEulerAnglesHint: {x: 0, y: 0, z: 0}
--- !u!1 &1920939812
GameObject:
  m_ObjectHideFlags: 0
  m_PrefabParentObject: {fileID: 0}
  m_PrefabInternal: {fileID: 0}
  serializedVersion: 5
  m_Component:
  - component: {fileID: 1920939814}
  - component: {fileID: 1920939813}
  m_Layer: 0
  m_Name: Shape Generator
  m_TagString: Untagged
  m_Icon: {fileID: 0}
  m_NavMeshLayer: 0
  m_StaticEditorFlags: 0
  m_IsActive: 1
--- !u!114 &1920939813
MonoBehaviour:
  m_ObjectHideFlags: 0
  m_PrefabParentObject: {fileID: 0}
  m_PrefabInternal: {fileID: 0}
  m_GameObject: {fileID: 1920939812}
  m_Enabled: 1
  m_EditorHideFlags: 0
  m_Script: {fileID: 11500000, guid: a10299606305c449a9bfe279bb5c795c, type: 3}
  m_Name: 
  m_EditorClassIdentifier: 
  obj: {fileID: 1471353194}
  generationpoint: {fileID: 1719779087}
  distanceBetween: 10
--- !u!4 &1920939814
Transform:
  m_ObjectHideFlags: 0
  m_PrefabParentObject: {fileID: 0}
  m_PrefabInternal: {fileID: 0}
  m_GameObject: {fileID: 1920939812}
  m_LocalRotation: {x: 0, y: 0, z: 0, w: 1}
  m_LocalPosition: {x: 6.6, y: -3.89, z: 0}
  m_LocalScale: {x: 1, y: 1, z: 1}
  m_Children: []
  m_Father: {fileID: 0}
  m_RootOrder: 7
  m_LocalEulerAnglesHint: {x: 0, y: 0, z: 0}
--- !u!1 &1921911105
GameObject:
  m_ObjectHideFlags: 0
  m_PrefabParentObject: {fileID: 0}
  m_PrefabInternal: {fileID: 0}
  serializedVersion: 5
  m_Component:
  - component: {fileID: 1921911106}
  m_Layer: 0
  m_Name: ShapeGenerationPoint (2)
  m_TagString: Untagged
  m_Icon: {fileID: 0}
  m_NavMeshLayer: 0
  m_StaticEditorFlags: 0
  m_IsActive: 1
--- !u!4 &1921911106
Transform:
  m_ObjectHideFlags: 0
  m_PrefabParentObject: {fileID: 0}
  m_PrefabInternal: {fileID: 0}
  m_GameObject: {fileID: 1921911105}
  m_LocalRotation: {x: -0, y: -0, z: -0, w: 1}
  m_LocalPosition: {x: 25.59, y: 0, z: 0}
  m_LocalScale: {x: 1, y: 1, z: 1}
  m_Children: []
  m_Father: {fileID: 784670864}
  m_RootOrder: 3
  m_LocalEulerAnglesHint: {x: 0, y: 0, z: 0}
--- !u!1 &2009704821
GameObject:
  m_ObjectHideFlags: 0
  m_PrefabParentObject: {fileID: 0}
  m_PrefabInternal: {fileID: 0}
  serializedVersion: 5
  m_Component:
  - component: {fileID: 2009704823}
  - component: {fileID: 2009704822}
  m_Layer: 0
  m_Name: Shape Generator (1)
  m_TagString: Untagged
  m_Icon: {fileID: 0}
  m_NavMeshLayer: 0
  m_StaticEditorFlags: 0
  m_IsActive: 1
--- !u!114 &2009704822
MonoBehaviour:
  m_ObjectHideFlags: 0
  m_PrefabParentObject: {fileID: 0}
  m_PrefabInternal: {fileID: 0}
  m_GameObject: {fileID: 2009704821}
  m_Enabled: 1
  m_EditorHideFlags: 0
  m_Script: {fileID: 11500000, guid: a10299606305c449a9bfe279bb5c795c, type: 3}
  m_Name: 
  m_EditorClassIdentifier: 
  obj: {fileID: 257069446}
  generationpoint: {fileID: 1644772175}
  distanceBetween: 10.5
--- !u!4 &2009704823
Transform:
  m_ObjectHideFlags: 0
  m_PrefabParentObject: {fileID: 0}
  m_PrefabInternal: {fileID: 0}
  m_GameObject: {fileID: 2009704821}
  m_LocalRotation: {x: 0, y: 0, z: 0, w: 1}
  m_LocalPosition: {x: 11.9, y: -3.89, z: 0}
  m_LocalScale: {x: 1, y: 1, z: 1}
  m_Children: []
  m_Father: {fileID: 0}
  m_RootOrder: 8
  m_LocalEulerAnglesHint: {x: 0, y: 0, z: 0}
--- !u!1 &2089695753 stripped
GameObject:
  m_PrefabParentObject: {fileID: 1832544414571460, guid: fa27cd46575cb4b5d9d8df1a1a9f0c7e,
    type: 2}
  m_PrefabInternal: {fileID: 1333247247}
--- !u!114 &2089695754
MonoBehaviour:
  m_ObjectHideFlags: 0
  m_PrefabParentObject: {fileID: 0}
  m_PrefabInternal: {fileID: 0}
  m_GameObject: {fileID: 2089695753}
  m_Enabled: 1
  m_EditorHideFlags: 0
  m_Script: {fileID: 11500000, guid: 5494a5696b7504ca8af178477a588367, type: 3}
  m_Name: 
  m_EditorClassIdentifier: 
--- !u!114 &2089695760
MonoBehaviour:
  m_ObjectHideFlags: 0
  m_PrefabParentObject: {fileID: 0}
  m_PrefabInternal: {fileID: 0}
  m_GameObject: {fileID: 2089695753}
  m_Enabled: 1
  m_EditorHideFlags: 0
  m_Script: {fileID: 11500000, guid: 8da0653fb4e4a4bcaac82ac0f733af37, type: 3}
  m_Name: 
  m_EditorClassIdentifier: 
  shapeDestructionPoint: {fileID: 0}
--- !u!1001 &2114465809
Prefab:
  m_ObjectHideFlags: 0
  serializedVersion: 2
  m_Modification:
    m_TransformParent: {fileID: 0}
    m_Modifications:
    - target: {fileID: 4462917871094316, guid: 14c887030f03b4cad9c27ecc4f571328, type: 2}
      propertyPath: m_LocalPosition.x
      value: 2.16
      objectReference: {fileID: 0}
    - target: {fileID: 4462917871094316, guid: 14c887030f03b4cad9c27ecc4f571328, type: 2}
      propertyPath: m_LocalPosition.y
      value: 8.16
      objectReference: {fileID: 0}
    - target: {fileID: 4462917871094316, guid: 14c887030f03b4cad9c27ecc4f571328, type: 2}
      propertyPath: m_LocalPosition.z
      value: 0
      objectReference: {fileID: 0}
    - target: {fileID: 4462917871094316, guid: 14c887030f03b4cad9c27ecc4f571328, type: 2}
      propertyPath: m_LocalRotation.x
      value: 0
      objectReference: {fileID: 0}
    - target: {fileID: 4462917871094316, guid: 14c887030f03b4cad9c27ecc4f571328, type: 2}
      propertyPath: m_LocalRotation.y
      value: 0
      objectReference: {fileID: 0}
    - target: {fileID: 4462917871094316, guid: 14c887030f03b4cad9c27ecc4f571328, type: 2}
      propertyPath: m_LocalRotation.z
      value: 0
      objectReference: {fileID: 0}
    - target: {fileID: 4462917871094316, guid: 14c887030f03b4cad9c27ecc4f571328, type: 2}
      propertyPath: m_LocalRotation.w
      value: 1
      objectReference: {fileID: 0}
    - target: {fileID: 4462917871094316, guid: 14c887030f03b4cad9c27ecc4f571328, type: 2}
      propertyPath: m_RootOrder
      value: 4
      objectReference: {fileID: 0}
    - target: {fileID: 4462917871094316, guid: 14c887030f03b4cad9c27ecc4f571328, type: 2}
      propertyPath: m_LocalScale.x
      value: 0.6772431
      objectReference: {fileID: 0}
    - target: {fileID: 4462917871094316, guid: 14c887030f03b4cad9c27ecc4f571328, type: 2}
      propertyPath: m_LocalScale.y
      value: 0.6772431
      objectReference: {fileID: 0}
    - target: {fileID: 4462917871094316, guid: 14c887030f03b4cad9c27ecc4f571328, type: 2}
      propertyPath: m_LocalScale.z
      value: 0.6772431
      objectReference: {fileID: 0}
    - target: {fileID: 1236214914459650, guid: 14c887030f03b4cad9c27ecc4f571328, type: 2}
      propertyPath: m_TagString
      value: Plus Time
      objectReference: {fileID: 0}
    - target: {fileID: 212988117643220376, guid: 14c887030f03b4cad9c27ecc4f571328,
        type: 2}
      propertyPath: m_SortingLayerID
      value: -1791641811
      objectReference: {fileID: 0}
    - target: {fileID: 212988117643220376, guid: 14c887030f03b4cad9c27ecc4f571328,
        type: 2}
      propertyPath: m_SortingLayer
      value: 2
      objectReference: {fileID: 0}
    m_RemovedComponents: []
  m_ParentPrefab: {fileID: 100100000, guid: 14c887030f03b4cad9c27ecc4f571328, type: 2}
  m_IsPrefabParent: 0
--- !u!1 &2143067768 stripped
GameObject:
  m_PrefabParentObject: {fileID: 1236214914459650, guid: 14c887030f03b4cad9c27ecc4f571328,
    type: 2}
  m_PrefabInternal: {fileID: 2114465809}
